

@article{Dayal:2018hft,
    author = "Dayal, Pratika and Ferrara, Andrea",
    title = "{Early galaxy formation and its large-scale effects}",
    eprint = "1809.09136",
    archivePrefix = "arXiv",
    primaryClass = "astro-ph.GA",
    doi = "10.1016/j.physrep.2018.10.002",
    journal = "Phys. Rept.",
    volume = "780-782",
    pages = "1--64",
    year = "2018"
}


@article{Fiore_2017,
   title={AGN wind scaling relations and the co-evolution of black  holes and galaxies},
   volume={601},
   ISSN={1432-0746},
   url={http://dx.doi.org/10.1051/0004-6361/201629478},
   DOI={10.1051/0004-6361/201629478},
   journal={Astronomy \& Astrophysics},
   publisher={EDP Sciences},
   author={Fiore, F. and Feruglio, C. and Shankar, F. and Bischetti, M. and Bongiorno, A. and Brusa, M. and Carniani, S. and Cicone, C. and Duras, F. and Lamastra, A. and et al.},
   year={2017},
   month={May},
   pages={A143}
}

@article{Barkana:2000fd,
    author = "Barkana, Rennan and Loeb, Abraham",
    title = "{In the beginning: The First sources of light and the reionization of the Universe}",
    eprint = "astro-ph/0010468",
    archivePrefix = "arXiv",
    doi = "10.1016/S0370-1573(01)00019-9",
    journal = "Phys. Rept.",
    volume = "349",
    pages = "125--238",
    year = "2001"
}


@article{volonteri2012black,
  title={Black holes in the early Universe},
  author={Volonteri, Marta and Bellovary, Jillian},
  journal={Reports on Progress in Physics},
  volume={75},
  number={12},
  pages={124901},
  year={2012},
  publisher={IOP Publishing}
}


@article{Bromm:2002hb,
    author = "Bromm, Volker and Loeb, Abraham",
    title = "{Formation of the first supermassive black holes}",
    eprint = "astro-ph/0212400",
    archivePrefix = "arXiv",
    doi = "10.1086/377529",
    journal = "Astrophys. J.",
    volume = "596",
    pages = "34--46",
    year = "2003"
}

@article{Latif:2016qau,
    author = "Latif, Muhammad A. and Ferrara, Andrea",
    title = "{Formation of supermassive black hole seeds}",
    eprint = "1605.07391",
    archivePrefix = "arXiv",
    primaryClass = "astro-ph.GA",
    doi = "10.1017/pasa.2016.41",
    journal = "Publ. Astron. Soc. Austral.",
    volume = "33",
    pages = "e051",
    year = "2016"
}

@article{Barausse:2020rsu,
    author = "Barausse, Enrico and others",
    title = "{Prospects for Fundamental Physics with LISA}",
    eprint = "2001.09793",
    archivePrefix = "arXiv",
    primaryClass = "gr-qc",
    doi = "10.1007/s10714-020-02691-1",
    journal = "Gen. Rel. Grav.",
    volume = "52",
    number = "8",
    pages = "81",
    year = "2020"
}

@ARTICLE{2017AN....338..153B,
       author = {{Barcons}, X. and {Barret}, D. and {Decourchelle}, A. and {den Herder}, J.~W. and {Fabian}, A.~C. and {Matsumoto}, H. and {Lumb}, D. and {Nandra}, K. and {Piro}, L. and {Smith}, R.~K. and {Willingale}, R.},
        title = "{Athena: ESA's X-ray observatory for the late 2020s}",
      journal = {Astronomische Nachrichten},
     keywords = {X-rays: Missions, telescopes, detectors, clusters, AGN, feedback, black holes},
         year = 2017,
        month = mar,
       volume = {338},
       number = {153},
        pages = {153-158},
          doi = {10.1002/asna.201713323},
       adsurl = {https://ui.adsabs.harvard.edu/abs/2017AN....338..153B},
      adsnote = {Provided by the SAO/NASA Astrophysics Data System}
}


@article{Haiman:2012ic,
    author = "Haiman, Zoltan",
    title = "{The Formation of the First Massive Black Holes}",
    eprint = "1203.6075",
    archivePrefix = "arXiv",
    primaryClass = "astro-ph.CO",
    doi = "10.1007/978-3-642-32362-1_6",
    month = "3",
    year = "2012"
}

@article{Ferrarese:2000se,
    author = "Ferrarese, Laura and Merritt, David",
    title = "{A Fundamental relation between supermassive black holes and their host galaxies}",
    eprint = "astro-ph/0006053",
    archivePrefix = "arXiv",
    doi = "10.1086/312838",
    journal = "Astrophys. J. Lett.",
    volume = "539",
    pages = "L9",
    year = "2000"
}

@article{Fevre:2019thf,
    author = "Le F\`evre, O. and others",
    collaboration = "ALPINE Team",
    title = "{The ALPINE-ALMA [CII] survey: Survey strategy, observations and sample properties of 118 star-forming galaxies at $4 < z < 6$}",
    eprint = "1910.09517",
    archivePrefix = "arXiv",
    primaryClass = "astro-ph.CO",
    doi = "10.1051/0004-6361/201936965",
    journal = "Astron. Astrophys.",
    volume = "643",
    pages = "A1",
    year = "2020"
}

@article{capak2015,
author = {Capak, P and Carilli, C and Jones, G and Casey, C and Riechers, Dominik and Sheth, K and Carollo, C and Ilbert, O and Karim, Alexander and LeFevre, O and Lilly, S and Scoville, N. and Smolcic, V and Yan, L},
year = {2015},
month = {06},
pages = {455-8},
title = {Galaxies at redshifts 5 to 6 with systematically low dust content and high [C II] emission},
volume = {522},
journal = {Nature},
doi = {10.1038/nature14500}
}

@ARTICLE{Dodorico13,
   author = {{D'Odorico}, V. and {Cupani}, G. and {Cristiani}, S. and {Maiolino}, R. and 
	{Molaro}, P. and {Nonino}, M. and {Centuri{\'o}n}, M. and {Cimatti}, A. and 
	{di Serego Alighieri}, S. and {Fiore}, F. and {Fontana}, A. and 
	{Gallerani}, S. and {Giallongo}, E. and {Mannucci}, F. and {Marconi}, A. and 
	{Pentericci}, L. and {Viel}, M. and {Vladilo}, G.},
    title = "{Metals in the IGM approaching the re-ionization epoch: results from X-shooter at the VLT}",
  journal = {Monthly Notices of the Royal Astronomical Society},
archivePrefix = "arXiv",
   eprint = {1306.4604},
 keywords = {galaxies: abundances, intergalactic medium, quasars: absorption lines, cosmology: observations},
     year = 2013,
    month = oct,
   volume = 435,
    pages = {1198-1232},
      doi = {10.1093/mnras/stt1365},
   adsurl = {http://adsabs.harvard.edu/abs/2013MNRAS.435.1198D},
  adsnote = {Provided by the SAO/NASA Astrophysics Data System}
}

@article{ refId0,
	author = {{Bacon, Roland} and {Conseil, Simon} and {Mary, David} and {Brinchmann, Jarle} and {Shepherd, Martin} and {Akhlaghi, Mohammad} and {Weilbacher, Peter M.} and {Piqueras, Laure} and {Wisotzki, Lutz} and {Lagattuta, David} and {Epinat, Benoit} and {Guerou, Adrien} and {Inami, Hanae} and {Cantalupo, Sebastiano} and {Courbot, Jean Baptiste} and {Contini, Thierry} and {Richard, Johan} and {Maseda, Michael} and {Bouwens, Rychard} and {Bouch\'e, Nicolas} and {Kollatschny, Wolfram} and {Schaye, Joop} and {Marino, Raffaella Anna} and {Pello, Roser} and {Herenz, Christian} and {Guiderdoni, Bruno} and {Carollo, Marcella}},
	title = {The MUSE Hubble Ultra Deep Field Survey - I. Survey description, data reduction, and source detection},
	DOI= "10.1051/0004-6361/201730833",
	url= "https://doi.org/10.1051/0004-6361/201730833",
	journal = {Astronomy and Astrophysics},
	year = 2017,
	volume = 608,
	pages = "A1",
}

@article{decarli2016alma,
  title={The ALMA spectroscopic survey in the Hubble Ultra Deep Field: molecular gas reservoirs in high-redshift galaxies},
  author={Decarli, Roberto and Walter, Fabian and Aravena, Manuel and Carilli, Chris and Bouwens, Rychard and Da Cunha, Elisabete and Daddi, Emanuele and Elbaz, David and Riechers, Dominik and Smail, Ian and others},
  journal={The Astrophysical Journal},
  volume={833},
  number={1},
  pages={70},
  year={2016},
  publisher={IOP Publishing}
}


@article{Madau:1996yh,
    author = "Madau, Piero and Ferguson, H. C. and Dickinson, M. E. and Giavalisco, M. and Steidel, C. C. and Fruchter, A.",
    title = "{High redshift galaxies in the hubble deep field. color selection and star formation history to z=4}",
    eprint = "astro-ph/9607172",
    archivePrefix = "arXiv",
    doi = "10.1093/mnras/283.4.1388",
    journal = "Mon. Not. Roy. Astron. Soc.",
    volume = "283",
    pages = "1388--1404",
    year = "1996"
}

@ARTICLE{2000ApJ...539L..13G,
       author = {{Gebhardt}, Karl and {Bender}, Ralf and {Bower}, Gary and {Dressler}, Alan and {Faber}, S.~M. and {Filippenko}, Alexei V. and {Green}, Richard and {Grillmair}, Carl and {Ho}, Luis C. and {Kormendy}, John and {Lauer}, Tod R. and {Magorrian}, John and {Pinkney}, Jason and {Richstone}, Douglas and {Tremaine}, Scott},
        title = "{A Relationship between Nuclear Black Hole Mass and Galaxy Velocity Dispersion}",
      journal = {The Astrophysical Journal},
     keywords = {Galaxies: General, Galaxies: Nuclei, Galaxies: Statistics, Astrophysics},
         year = 2000,
        month = aug,
       volume = {539},
       number = {1},
        pages = {L13-L16},
          doi = {10.1086/312840},
archivePrefix = {arXiv},
       eprint = {astro-ph/0006289},
 primaryClass = {astro-ph},
       adsurl = {https://ui.adsabs.harvard.edu/abs/2000ApJ...539L..13G},
      adsnote = {Provided by the SAO/NASA Astrophysics Data System}
}





@article{kormendy,
author = {Kormendy, John and Ho, Luis C.},
title = {Coevolution (Or Not) of Supermassive Black Holes and Host Galaxies},
journal = {Annual Review of Astronomy and Astrophysics},
volume = {51},
number = {1},
pages = {511-653},
year = {2013},
doi = {10.1146/annurev-astro-082708-101811},

URL = { 
        https://doi.org/10.1146/annurev-astro-082708-101811
    
},
eprint = { 
        https://doi.org/10.1146/annurev-astro-082708-101811
    
}
}

@ARTICLE{Hopkins18,
       author = {{Hopkins}, Philip F. and {Wetzel}, Andrew and
         {Kere{\v{s}}}, Du{\v{s}}an and {Faucher-Gigu{\`e}re}, Claude-Andr{\'e} and
         {Quataert}, Eliot and {Boylan-Kolchin}, Michael and {Murray}, Norman and
         {Hayward}, Christopher C. and {Garrison-Kimmel}, Shea and
         {Hummels}, Cameron and {Feldmann}, Robert and {Torrey}, Paul and
         {Ma}, Xiangcheng and {Angl{\'e}s-Alc{\'a}zar}, Daniel and
         {Su}, Kung-Yi and {Orr}, Matthew and {Schmitz}, Denise and
         {Escala}, Ivanna and {Sanderson}, Robyn and {Grudi{\'c}}, Michael Y. and
         {Hafen}, Zachary and {Kim}, Ji-Hoon and {Fitts}, Alex and
         {Bullock}, James S. and {Wheeler}, Coral and {Chan}, T.~K. and
         {Elbert}, Oliver D. and {Narayanan}, Desika},
        title = "{FIRE-2 simulations: physics versus numerics in galaxy formation}",
      journal = {Monthly Notices of the Royal Astronomical Society},
     keywords = {methods: numerical, stars: formation, galaxies: active, galaxies: evolution, galaxies: formation, cosmology: theory, Astrophysics - Astrophysics of Galaxies, Astrophysics - Cosmology and Nongalactic Astrophysics, Astrophysics - Instrumentation and Methods for Astrophysics},
         year = "2018",
        month = "Oct",
       volume = {480},
       number = {1},
        pages = {800-863},
          doi = {10.1093/mnras/sty1690},
archivePrefix = {arXiv},
       eprint = {1702.06148},
 primaryClass = {astro-ph.GA},
       adsurl = {https://ui.adsabs.harvard.edu/abs/2018MNRAS.480..800H},
      adsnote = {Provided by the SAO/NASA Astrophysics Data System}
}


@article{Beckmann:2017luq,
    author = "Beckmann, R. S. and others",
    title = "{Cosmic evolution of stellar quenching by AGN feedback: clues from the Horizon-AGN simulation}",
    eprint = "1701.07838",
    archivePrefix = "arXiv",
    primaryClass = "astro-ph.GA",
    doi = "10.1093/mnras/stx1831",
    journal = "Mon. Not. Roy. Astron. Soc.",
    volume = "472",
    number = "1",
    pages = "949--965",
    year = "2017"
}

@article{Sijacki:2007rw,
    author = "Sijacki, Debora and Springel, Volker and Di Matteo, Tiziana and Hernquist, Lars",
    title = "{A unified model for AGN feedback in cosmological simulations of structure formation}",
    eprint = "0705.2238",
    archivePrefix = "arXiv",
    primaryClass = "astro-ph",
    doi = "10.1111/j.1365-2966.2007.12153.x",
    journal = "Mon. Not. Roy. Astron. Soc.",
    volume = "380",
    pages = "877--900",
    year = "2007"
}

@article{degraf2010faint,
  title={Faint-end quasar luminosity functions from cosmological hydrodynamic simulations},
  author={Degraf, Colin and Di Matteo, Tiziana and Springel, Volker},
  journal={Monthly Notices of the Royal Astronomical Society},
  volume={402},
  number={3},
  pages={1927--1936},
  year={2010},
  publisher={Blackwell Publishing Ltd Oxford, UK}
}

@article{Pacucci:2020orw,
    author = "Pacucci, Fabio and Loeb, Abraham",
    title = "{Separating Accretion and Mergers in the Cosmic Growth of Black Holes with X-ray and Gravitational Wave Observations}",
    eprint = "2004.07246",
    archivePrefix = "arXiv",
    primaryClass = "astro-ph.GA",
    doi = "10.3847/1538-4357/ab886e",
    journal = "Astrophys. J.",
    volume = "895",
    number = "2",
    pages = "95",
    year = "2020"
}

@article{Pacucci:2017mcu,
    author = "Pacucci, Fabio and Natarajan, Priyamvada and Volonteri, Marta and Cappelluti, Nico and Urry, C. Megan",
    title = "{Conditions for Optimal Growth of Black Hole Seeds}",
    eprint = "1710.09375",
    archivePrefix = "arXiv",
    primaryClass = "astro-ph.GA",
    doi = "10.3847/2041-8213/aa9aea",
    journal = "Astrophys. J. Lett.",
    volume = "850",
    number = "2",
    pages = "L42",
    year = "2017"
}

@article{costa2020powering,
  title={Powering galactic superwinds with small-scale AGN winds},
  author={Costa, Tiago and Pakmor, R{\"u}diger and Springel, Volker},
  journal={Monthly Notices of the Royal Astronomical Society},
  volume={497},
  number={4},
  pages={5229--5255},
  year={2020},
  publisher={Oxford University Press}
}

@article{habouzit2020supermassive,
  title={Supermassive black holes in cosmological simulations I: M\_BH-M\_star relation and black hole mass function},
  author={Habouzit, Melanie and Li, Yuan and Somerville, Rachel S and Genel, Shy and Pillepich, Annalisa and Volonteri, Marta and Dav{\'e}, Romeel and Rosas-Guevara, Yetli and McAlpine, Stuart and Peirani, S{\'e}bastien and others},
  journal={arXiv preprint arXiv:2006.10094},
  year={2020}
}


@article{zhu2020formation,
  title={The Formation of the First Quasars. I. The Black Hole Seeds, Accretion and Feedback Models},
  author={Zhu, Qirong and Li, Yuexing and Li, Yiting and Maji, Moupiya and Yajima, Hidenobu and Schneider, Raffaella and Hernquist, Lars},
  journal={arXiv preprint arXiv:2012.01458},
  year={2020}
}

@article{degraf2020morphological,
  title={Morphological evolution of supermassive black hole merger hosts and multimessenger signatures},
  author={DeGraf, Colin and Sijacki, Debora and Di Matteo, Tiziana and Holley-Bockelmann, Kelly and Snyder, Greg and Springel, Volker},
  journal={arXiv preprint arXiv:2012.00775},
  year={2020}
}

@article{piana2021mass,
  title={The mass assembly of high-redshift black holes},
  author={Piana, Olmo and Dayal, Pratika and Volonteri, Marta and Choudhury, Tirthankar Roy},
  journal={Monthly Notices of the Royal Astronomical Society},
  volume={500},
  number={2},
  pages={2146--2158},
  year={2021},
  publisher={Oxford University Press}
}

@BOOK{mesinger_2016,
       author = {{Mesinger}, Andrei},
        title = "{Understanding the Epoch of Cosmic Reionization}",
         year = 2016,
       volume = {423},
          doi = {10.1007/978-3-319-21957-8},
       adsurl = {https://ui.adsabs.harvard.edu/abs/2016ASSL..423.....M},
      adsnote = {Provided by the SAO/NASA Astrophysics Data System}
}

@article{Vogelsberger:2019ynw,
    author = "Vogelsberger, Mark and Marinacci, Federico and Torrey, Paul and Puchwein, Ewald",
    title = "{Cosmological Simulations of Galaxy Formation}",
    eprint = "1909.07976",
    archivePrefix = "arXiv",
    primaryClass = "astro-ph.GA",
    doi = "10.1038/s42254-019-0127-2",
    journal = "Nature Rev. Phys.",
    volume = "2",
    number = "1",
    pages = "42--66",
    year = "2020"
}

@article{Murali_2002,
	doi = {10.1086/339876},
	url = {https://doi.org/10.1086/339876},
	year = 2002,
	month = {may},
	publisher = {American Astronomical Society},
	volume = {571},
	number = {1},
	pages = {1--14},
	author = {Chigurupati Murali and Neal Katz and Lars Hernquist and David H. Weinberg and Romeel Dave},
	title = {The Growth of Galaxies in Cosmological Simulations of Structure Formation},
	journal = {The Astrophysical Journal},
}



@article{somerville2015,
author = {Somerville, Rachel S. and Davé, Romeel},
title = {Physical Models of Galaxy Formation in a Cosmological Framework},
journal = {Annual Review of Astronomy and Astrophysics},
volume = {53},
number = {1},
pages = {51-113},
year = {2015},
doi = {10.1146/annurev-astro-082812-140951},

URL = { 
        https://doi.org/10.1146/annurev-astro-082812-140951
    
},
eprint = { 
        https://doi.org/10.1146/annurev-astro-082812-140951
    
}}


@article{bertschinger98,
author = {Bertschinger, Edmund},
title = {SIMULATIONS OF STRUCTURE FORMATION IN THE UNIVERSE},
journal = {Annual Review of Astronomy and Astrophysics},
volume = {36},
number = {1},
pages = {599-654},
year = {1998},
doi = {10.1146/annurev.astro.36.1.599},

URL = { 
        https://doi.org/10.1146/annurev.astro.36.1.599
    
},
eprint = { 
        https://doi.org/10.1146/annurev.astro.36.1.599
    
}
}


@article{Aguirre:2001ay,
    author = "Aguirre, Anthony N. and Hernquist, Lars and Schaye, Joop and Katz, Neal and Weinberg, David H. and Gardner, Jeffrey",
    title = "{Metal enrichment of the intergalactic medium in cosmological simulations}",
    eprint = "astro-ph/0105065",
    archivePrefix = "arXiv",
    doi = "10.1086/323370",
    journal = "Astrophys. J.",
    volume = "561",
    pages = "521",
    year = "2001"
}

@article{morganti2017archaeology,
  title={Archaeology of active galaxies across the electromagnetic spectrum},
  author={Morganti, Raffaella},
  journal={Nature Astronomy},
  volume={1},
  number={9},
  pages={39--48},
  year={2017},
  publisher={Nature Publishing Group}
}


@article{moster2010constraints,
  title={Constraints on the relationship between stellar mass and halo mass at low and high redshift},
  author={Moster, Benjamin P and Somerville, Rachel S and Maulbetsch, Christian and Van Den Bosch, Frank C and Maccio, Andrea V and Naab, Thorsten and Oser, Ludwig},
  journal={The Astrophysical Journal},
  volume={710},
  number={2},
  pages={903},
  year={2010},
  publisher={IOP Publishing}
}



@article{fabian12,
author = {Fabian, A.C.},
title = {Observational Evidence of Active Galactic Nuclei Feedback},
journal = {Annual Review of Astronomy and Astrophysics},
volume = {50},
number = {1},
pages = {455-489},
year = {2012},
doi = {10.1146/annurev-astro-081811-125521},

URL = { 
        https://doi.org/10.1146/annurev-astro-081811-125521
    
},
eprint = { 
        https://doi.org/10.1146/annurev-astro-081811-125521
    
}

}


@article{oesch2009structure,
  title={Structure and Morphologies of z~ 7-8 Galaxies from Ultra-deep WFC3/IR Imaging of the Hubble Ultra-deep Field},
  author={Oesch, PA and Bouwens, Rychard J and Carollo, C Marcella and Illingworth, GD and Trenti, M and Stiavelli, M and Magee, D and Labb{\'e}, I and Franx, M},
  journal={The Astrophysical Journal Letters},
  volume={709},
  number={1},
  pages={L21},
  year={2009},
  publisher={IOP Publishing}
}

@article{Shibuya:2015qfa,
    author = "Shibuya, Takatoshi and Ouchi, Masami and Harikane, Yuichi",
    title = "{Morphologies of \textasciitilde{}190,000 Galaxies at $z=$0-10 Revealed with HST Legacy Data I. Size Evolution}",
    eprint = "1503.07481",
    archivePrefix = "arXiv",
    primaryClass = "astro-ph.GA",
    doi = "10.1088/0067-0049/219/2/15",
    journal = "Astrophys. J. Suppl.",
    volume = "219",
    number = "2",
    pages = "15",
    year = "2015"
}


@article{bouwens2017z,
  title={The z~ 6 Luminosity Function Fainter than- 15 mag from the Hubble Frontier Fields: The Impact of Magnification Uncertainties},
  author={Bouwens, RJ and Oesch, PA and Illingworth, GD and Ellis, RS and Stefanon, M},
  journal={The Astrophysical Journal},
  volume={843},
  number={2},
  pages={129},
  year={2017},
  publisher={IOP Publishing}
}


@article{kawamata2018size,
  title={Size--Luminosity Relations and UV Luminosity Functions at z= 6--9 Simultaneously Derived from the Complete Hubble Frontier Fields Data},
  author={Kawamata, Ryota and Ishigaki, Masafumi and Shimasaku, Kazuhiro and Oguri, Masamune and Ouchi, Masami and Tanigawa, Shingo},
  journal={The Astrophysical Journal},
  volume={855},
  number={1},
  pages={4},
  year={2018},
  publisher={IOP Publishing}
}


@ARTICLE{maiolino2015,
   author = {{Maiolino}, R. and {Carniani}, S. and {Fontana}, A. and {Vallini}, L. and 
	{Pentericci}, L. and {Ferrara}, A. and {Vanzella}, E. and {Grazian}, A. and 
	{Gallerani}, S. and {Castellano}, M. and {Cristiani}, S. and 
	{Brammer}, G. and {Santini}, P. and {Wagg}, J. and {Williams}, R.
	},
    title = "{The assembly of ''normal'' galaxies at z=7 probed by ALMA}",
  journal = {ArXiv e-prints:1502.06634},
archivePrefix = "arXiv",
   eprint = {1502.06634},
 keywords = {Astrophysics - Astrophysics of Galaxies, Astrophysics - Cosmology and Nongalactic Astrophysics},
     year = 2015,
    month = feb,
   adsurl = {http://adsabs.harvard.edu/abs/2015arXiv150206634M},
  adsnote = {Provided by the SAO/NASA Astrophysics Data System}
}

@ARTICLE{pentericci2016,
   author = {{Pentericci}, L. and {Carniani}, S. and {Castellano}, M. and 
	{Fontana}, A. and {Maiolino}, R. and {Guaita}, L. and {Vanzella}, E. and 
	{Grazian}, A. and {Santini}, P. and {Yan}, H. and {Cristiani}, S. and 
	{Conselice}, C. and {Giavalisco}, M. and {Hathi}, N. and {Koekemoer}, A.
	},
    title = "{Tracing the Reionization Epoch with ALMA: [C II] Emission in z $\sim$ 7 Galaxies}",
  journal = {The Astrophysical Journal},
archivePrefix = "arXiv",
   eprint = {1608.08837},
 keywords = {galaxies: evolution, galaxies: formation, galaxies: high-redshift},
     year = 2016,
    month = sep,
   volume = 829,
      eid = {L11},
    pages = {L11},
      doi = {10.3847/2041-8205/829/1/L11},
   adsurl = {http://adsabs.harvard.edu/abs/2016ApJ...829L..11P},
  adsnote = {Provided by the SAO/NASA Astrophysics Data System}
}


@ARTICLE{knudsen2016b,
   author = {{Knudsen}, K.~K. and {Watson}, D. and {Frayer}, D. and {Christensen}, L. and 
	{Gallazzi}, A. and {Michalowski}, M.~J. and {Richard}, J. and 
	{Zavala}, J.},
    title = "{A merger in the dusty, $z=7.5$ galaxy A1689-zD1?}",
  journal = {ArXiv e-prints},
archivePrefix = "arXiv",
   eprint = {1603.03222},
 keywords = {Astrophysics - Astrophysics of Galaxies, Astrophysics - Cosmology and Nongalactic Astrophysics},
     year = 2016,
    month = mar,
   adsurl = {http://adsabs.harvard.edu/abs/2016arXiv160303222K},
  adsnote = {Provided by the SAO/NASA Astrophysics Data System}
}


@ARTICLE{matthee2017,
   author = {{Matthee}, J. and {Sobral}, D. and {Boone}, F. and {R{\"o}ttgering}, H. and 
	{Schaerer}, D. and {Girard}, M. and {Pallottini}, A. and {Vallini}, L. and 
	{Ferrara}, A. and {Darvish}, B. and {Mobasher}, B.},
    title = "{ALMA Reveals Metals yet No Dust within Multiple Components in CR7}",
  journal = {The Astrophysical Journal},
archivePrefix = "arXiv",
   eprint = {1709.06569},
 keywords = {dark ages, reionization, first stars, galaxies: formation, galaxies: high-redshift, galaxies: ISM, galaxies: kinematics and dynamics },
     year = 2017,
    month = dec,
   volume = 851,
      eid = {145},
    pages = {145},
      doi = {10.3847/1538-4357/aa9931},
   adsurl = {http://adsabs.harvard.edu/abs/2017ApJ...851..145M},
  adsnote = {Provided by the SAO/NASA Astrophysics Data System}
}

@Article{	  smit:2018,
  author	= "{Smit}, R. and {Bouwens}, R. J. and {Carniani}, S. and
		  {Oesch}, P. A. and {Labb{\'e}}, I. and {Illingworth}, G. D.
		  and {van der Werf}, P. and {Bradley}, L. D. and {Gonzalez},
		  V. and {Hodge}, J. A. and {Holwerda}, B. W. and {Maiolino},
		  R. and {Zheng}, W.",
  title		= "{Rotation in [C II]-emitting gas in two galaxies at a
		  redshift of 6.8}",
  journal	= "Nature",
  archiveprefix	= "arXiv",
  eprint	= "1706.04614",
  year		= "2018",
  month		= "January",
  volume	= "553",
  pages		= "178-181",
  doi		= "10.1038/nature24631",
  adsurl	= "http://adsabs.harvard.edu/abs/2018Natur.553..178S",
  adsnote	= "Provided by the SAO/NASA Astrophysics Data System",
  url		= "https://ui.adsabs.harvard.edu/abs/2018Natur.553..178S",
  abstract	= ""
}

@ARTICLE{carniani2018b,
   author = {{Carniani}, S. and {Maiolino}, R. and {Smit}, R. and {Amor{\'{\i}}n}, R.
	},
    title = "{ALMA Detection of Extended [C II] Emission in Himiko at z = 6.6}",
  journal = {The Astrophysical Journal},
archivePrefix = "arXiv",
   eprint = {1712.01890},
 keywords = {galaxies: evolution, galaxies: formation, galaxies: high-redshift, infrared: ISM},
     year = 2018,
    month = feb,
   volume = 854,
      eid = {L7},
    pages = {L7},
      doi = {10.3847/2041-8213/aaab45},
   adsurl = {http://adsabs.harvard.edu/abs/2018ApJ...854L...7C},
  adsnote = {Provided by the SAO/NASA Astrophysics Data System}
}

@ARTICLE{Hashimoto2018,
   author = {{Hashimoto}, T. and {Laporte}, N. and {Mawatari}, K. and {Ellis}, R.~S. and 
	{Inoue}, A.~K. and {Zackrisson}, E. and {Roberts-Borsani}, G. and 
	{Zheng}, W. and {Tamura}, Y. and {Bauer}, F.~E. and {Fletcher}, T. and 
	{Harikane}, Y. and {Hatsukade}, B. and {Hayatsu}, N.~H. and 
	{Matsuda}, Y. and {Matsuo}, H. and {Okamoto}, T. and {Ouchi}, M. and 
	{Pell{\'o}}, R. and {Rydberg}, C.-E. and {Shimizu}, I. and {Taniguchi}, Y. and 
	{Umehata}, H. and {Yoshida}, N.},
    title = "{The onset of star formation 250 million years after the Big Bang}",
  journal = {Nature},
archivePrefix = "arXiv",
   eprint = {1805.05966},
     year = 2018,
    month = may,
   volume = 557,
    pages = {392-395},
      doi = {10.1038/s41586-018-0117-z},
   adsurl = {http://adsabs.harvard.edu/abs/2018Natur.557..392H},
  adsnote = {Provided by the SAO/NASA Astrophysics Data System}
}

@ARTICLE{carniani2017,
       author = {{Carniani}, S. and {Maiolino}, R. and {Pallottini}, A. and {Vallini}, L.
        and {Pentericci}, L. and {Ferrara}, A. and {Castellano}, M. and
        {Vanzella}, E. and {Grazian}, A. and {Gallerani}, S. and
        {Santini}, P. and {Wagg}, J. and {Fontana}, A.},
        title = "{Extended ionised and clumpy gas in a normal galaxy at z = 7.1 revealed
        by ALMA}",
      journal = {Astronomy and Astrophysics},
     keywords = {galaxies: evolution, galaxies: ISM, galaxies: high-redshift, infrared:
        general, Astrophysics - Astrophysics of Galaxies},
         year = 2017,
        month = Sep,
       volume = {605},
          eid = {A42},
        pages = {A42},
          doi = {10.1051/0004-6361/201630366},
       adsurl = {https://ui.adsabs.harvard.edu/#abs/2017A&A...605A..42C},
      adsnote = {Provided by the SAO/NASA Astrophysics Data System}
}


@ARTICLE{agertz:2015apj,
   author = {{Agertz}, O. and {Kravtsov}, A.~V.},
    title = "{On the Interplay between Star Formation and Feedback in Galaxy Formation Simulations}",
  journal = {The Astrophysical Journal},
archivePrefix = "arXiv",
   eprint = {1404.2613},
 keywords = {galaxies: evolution, galaxies: formation, galaxies: high-redshift, galaxies: star formation, galaxies: stellar content, methods: numerical},
     year = 2015,
    month = may,
   volume = 804,
      eid = {18},
    pages = {18},
      doi = {10.1088/0004-637X/804/1/18},
   adsurl = {http://adsabs.harvard.edu/abs/2015ApJ...804...18A},
  adsnote = {Provided by the SAO/NASA Astrophysics Data System}
}

@ARTICLE{pallottini2017,
   author = {{Pallottini}, A. and {Ferrara}, A. and {Gallerani}, S. and {Vallini}, L. and 
	{Maiolino}, R. and {Salvadori}, S.},
    title = "{Zooming on the internal structure of z$\simeq$6 galaxies}",
  journal = {Monthly Notices of the Royal Astronomical Society},
archivePrefix = "arXiv",
   eprint = {1609.01719},
     year = 2017,
    month = mar,
   volume = 465,
    pages = {2540-2558},
      doi = {10.1093/mnras/stw2847},
   adsurl = {http://adsabs.harvard.edu/abs/2017MNRAS.465.2540P},
  adsnote = {Provided by the SAO/NASA Astrophysics Data System}
}

@ARTICLE{inoue2016,
   author = {{Inoue}, A.~K. and {Tamura}, Y. and {Matsuo}, H. and {Mawatari}, K. and 
	{Shimizu}, I. and {Shibuya}, T. and {Ota}, K. and {Yoshida}, N. and 
	{Zackrisson}, E. and {Kashikawa}, N. and {Kohno}, K. and {Umehata}, H. and 
	{Hatsukade}, B. and {Iye}, M. and {Matsuda}, Y. and {Okamoto}, T. and 
	{Yamaguchi}, Y.},
    title = "{Detection of an oxygen emission line from a high-redshift galaxy in the reionization epoch}",
  journal = {Science},
archivePrefix = "arXiv",
   eprint = {1606.04989},
     year = 2016,
    month = jun,
   volume = 352,
    pages = {1559-1562},
      doi = {10.1126/science.aaf0714},
   adsurl = {http://adsabs.harvard.edu/abs/2016Sci...352.1559I},
  adsnote = {Provided by the SAO/NASA Astrophysics Data System}
}

@ARTICLE{Laporte17,
       author = {{Laporte}, N. and {Ellis}, R.~S. and {Boone}, F. and {Bauer}, F.~E. and
         {Qu{\'e}nard}, D. and {Roberts-Borsani}, G.~W. and {Pell{\'o}}, R. and
         {P{\'e}rez-Fournon}, I. and {Streblyanska}, A.},
        title = "{Dust in the Reionization Era: ALMA Observations of a z = 8.38 Gravitationally Lensed Galaxy}",
      journal = {The Astrophysical Journal},
     keywords = {early universe, galaxies: evolution, galaxies: formation, galaxies: high-redshift, galaxies: star formation, submillimeter: galaxies, Astrophysics - Astrophysics of Galaxies, Astrophysics - Cosmology and Nongalactic Astrophysics},
         year = "2017",
        month = "Mar",
       volume = {837},
       number = {2},
          eid = {L21},
        pages = {L21},
          doi = {10.3847/2041-8213/aa62aa},
archivePrefix = {arXiv},
       eprint = {1703.02039},
 primaryClass = {astro-ph.GA},
       adsurl = {https://ui.adsabs.harvard.edu/abs/2017ApJ...837L..21L},
      adsnote = {Provided by the SAO/NASA Astrophysics Data System}
}

@ARTICLE{carniani2018,
   author = {{Carniani}, S. and {Maiolino}, R. and {Amorin}, R. and {Pentericci}, L. and 
	{Pallottini}, A. and {Ferrara}, A. and {Willott}, C.~J. and 
	{Smit}, R. and {Matthee}, J. and {Sobral}, D. and {Santini}, P. and 
	{Castellano}, M. and {De Barros}, S. and {Fontana}, A. and {Grazian}, A. and 
	{Guaita}, L.},
    title = "{Kiloparsec-scale gaseous clumps and star formation at z = 5-7}",
  journal = {Monthly Notices of the Royal Astronomical Society},
archivePrefix = "arXiv",
   eprint = {1712.03985},
 keywords = {galaxies: evolution, galaxies: high-redshift, galaxies: ISM; galaxies: formation},
     year = 2018,
    month = jul,
   volume = 478,
    pages = {1170-1184},
      doi = {10.1093/mnras/sty1088},
   adsurl = {http://adsabs.harvard.edu/abs/2018MNRAS.478.1170C},
  adsnote = {Provided by the SAO/NASA Astrophysics Data System}
}

@ARTICLE{behrens2018,
   author = {{Behrens}, C. and {Pallottini}, A. and {Ferrara}, A. and {Gallerani}, S. and 
	{Vallini}, L.},
    title = "{Dusty galaxies in the Epoch of Reionization: simulations}",
  journal = {Monthly Notices of the Royal Astronomical Society},
archivePrefix = "arXiv",
   eprint = {1802.07772},
 keywords = {methods: numerical, dust, extinction, galaxies: evolution, galaxies: high-redshift, galaxies: ISM, infrared: general},
     year = 2018,
    month = jun,
   volume = 477,
    pages = {552-565},
      doi = {10.1093/mnras/sty552},
   adsurl = {http://adsabs.harvard.edu/abs/2018MNRAS.477..552B},
  adsnote = {Provided by the SAO/NASA Astrophysics Data System}
}


@ARTICLE{Tamura:2019,
       author = {{Tamura}, Yoichi and {Mawatari}, Ken and {Hashimoto}, Takuya and
         {Inoue}, Akio K. and {Zackrisson}, Erik and {Christensen}, Lise and
         {Binggeli}, Christian and {Matsuda}, Yuichi and {Matsuo}, Hiroshi and
         {Takeuchi}, Tsutomu T. and {Asano}, Ryosuke S. and {Sunaga}, Kaho and
         {Shimizu}, Ikkoh and {Okamoto}, Takashi and {Yoshida}, Naoki and
         {Lee}, Minju M. and {Shibuya}, Takatoshi and {Taniguchi}, Yoshiaki and
         {Umehata}, Hideki and {Hatsukade}, Bunyo and {Kohno}, Kotaro and
         {Ota}, Kazuaki},
        title = "{Detection of the Far-infrared [O III] and Dust Emission in a Galaxy at Redshift 8.312: Early Metal Enrichment in the Heart of the Reionization Era}",
      journal = {The Astrophysical Journal},
     keywords = {dust, extinction, galaxies: formation, galaxies: high-redshift, galaxies: ISM, Astrophysics - Astrophysics of Galaxies},
         year = 2019,
        month = mar,
       volume = {874},
       number = {1},
          eid = {27},
        pages = {27},
          doi = {10.3847/1538-4357/ab0374},
archivePrefix = {arXiv},
       eprint = {1806.04132},
 primaryClass = {astro-ph.GA},
       adsurl = {https://ui.adsabs.harvard.edu/abs/2019ApJ...874...27T},
      adsnote = {Provided by the SAO/NASA Astrophysics Data System}
}


@ARTICLE{dodorico:2018,
       author = {{D'Odorico}, V. and {Feruglio}, C. and {Ferrara}, A. and
         {Gallerani}, S. and {Pallottini}, A. and {Carniani}, S. and
         {Maiolino}, R. and {Cristiani}, S. and {Marconi}, A. and
         {Piconcelli}, E. and {Fiore}, F.},
        title = "{Witnessing Galaxy Assembly at the Edge of the Reionization Epoch}",
      journal = {The Astrophysical Journal},
     keywords = {galaxies: high-redshift, galaxies: ISM, intergalactic medium, quasars: absorption lines, submillimeter: galaxies, Astrophysics - Astrophysics of Galaxies, Astrophysics - Cosmology and Nongalactic Astrophysics},
         year = "2018",
        month = "Aug",
       volume = {863},
       number = {2},
          eid = {L29},
        pages = {L29},
          doi = {10.3847/2041-8213/aad7b7},
archivePrefix = {arXiv},
       eprint = {1808.01146},
 primaryClass = {astro-ph.GA},
       adsurl = {https://ui.adsabs.harvard.edu/abs/2018ApJ...863L..29D},
      adsnote = {Provided by the SAO/NASA Astrophysics Data System}
}

@ARTICLE{vallini2018,
   author = {{Vallini}, L. and {Pallottini}, A. and {Ferrara}, A. and {Gallerani}, S. and 
	{Sobacchi}, E. and {Behrens}, C.},
    title = "{CO line emission from galaxies in the Epoch of Reionization}",
  journal = {Monthly Notices of the Royal Astronomical Society},
archivePrefix = "arXiv",
   eprint = {1709.03993},
 keywords = {ISM: clouds, ISM: molecules, galaxies: high-redshift, galaxies: ISM, infrared: ISM, galaxies: ISM - infrared: ISM},
     year = 2018,
    month = jan,
   volume = 473,
    pages = {271-285},
      doi = {10.1093/mnras/stx2376},
   adsurl = {http://adsabs.harvard.edu/abs/2018MNRAS.473..271V},
  adsnote = {Provided by the SAO/NASA Astrophysics Data System}
}


@ARTICLE{gallerani:2018,
       author = {{Gallerani}, S. and {Pallottini}, A. and {Feruglio}, C. and
         {Ferrara}, A. and {Maiolino}, R. and {Vallini}, L. and
         {Riechers}, D.~A. and {Pavesi}, R.},
        title = "{ALMA suggests outflows in z$\sim$ 5.5 galaxies}",
      journal = {Monthly Notices of the Royal Astronomical Society},
     keywords = {galaxies: evolution, galaxies: high-redshift, galaxies: ISM, Astrophysics - Astrophysics of Galaxies, Astrophysics - Cosmology and Nongalactic Astrophysics},
         year = "2018",
        month = "Jan",
       volume = {473},
       number = {2},
        pages = {1909-1917},
          doi = {10.1093/mnras/stx2458},
archivePrefix = {arXiv},
       eprint = {1604.05714},
 primaryClass = {astro-ph.GA},
       adsurl = {https://ui.adsabs.harvard.edu/abs/2018MNRAS.473.1909G},
      adsnote = {Provided by the SAO/NASA Astrophysics Data System}
}


@ARTICLE{Fujimoto19,
       author = {{Fujimoto}, Seiji and {Ouchi}, Masami and {Ferrara}, Andrea and
         {Pallottini}, Andrea and {Ivison}, R.~J. and {Behrens}, Christoph and
         {Gallerani}, Simona and {Arata}, Shohei and {Yajima}, Hidenobu and
         {Nagamine}, Kentaro},
        title = "{First Identification of 10 kpc [C II] 158 {\ensuremath{\mu}}m Halos around Star-forming Galaxies at z=5-7}",
      journal = {The Astrophysical Journal},
     keywords = {galaxies: evolution, galaxies: formation, galaxies: high-redshift},
         year = "2019",
        month = "Dec",
       volume = {887},
       number = {2},
          eid = {107},
        pages = {107},
          doi = {10.3847/1538-4357/ab480f},
       adsurl = {https://ui.adsabs.harvard.edu/abs/2019ApJ...887..107F},
      adsnote = {Provided by the SAO/NASA Astrophysics Data System}
}


@ARTICLE{ginolfi:2019,
      author = {{Ginolfi}, M. and {Jones}, G.~C. and {B{\'e}thermin}, M. and
         {Fudamoto}, Y. and {Loiacono}, F. and {Fujimoto}, S. and
         {Le F{\'e}vre}, O. and {Faisst}, A. and {Schaerer}, D. and
         {Cassata}, P. and {Silverman}, J.~D. and {Yan}, L. and {Capak}, P. and
         {Bardelli}, S. and {Boquien}, M. and {Carraro}, R. and
         {Dessauges-Zavadsky}, M. and {Giavalisco}, M. and {Gruppioni}, C. and
         {Ibar}, E. and {Khusanova}, Y. and {Lemaux}, B.~C. and {Maiolino}, R. and
         {Narayanan}, D. and {Oesch}, P. and {Pozzi}, F. and {Rodighiero}, G. and
         {Talia}, M. and {Toft}, S. and {Vallini}, L. and {Vergani}, D. and
         {Zamorani}, G.},
        title = "{The ALPINE-ALMA [C II] survey: Star-formation-driven outflows and circumgalactic enrichment in the early Universe}",
      journal = {Astronomy and Astrophysics},
     keywords = {galaxies: evolution, galaxies: formation, galaxies: high-redshift, galaxies: ISM, ISM: jets and outflows, galaxies: star formation, Astrophysics - Astrophysics of Galaxies},
         year = "2020",
        month = "Jan",
       volume = {633},
          eid = {A90},
        pages = {A90},
          doi = {10.1051/0004-6361/201936872},
archivePrefix = {arXiv},
       eprint = {1910.04770},
 primaryClass = {astro-ph.GA},
       adsurl = {https://ui.adsabs.harvard.edu/abs/2020A&A...633A..90G},
      adsnote = {Provided by the SAO/NASA Astrophysics Data System}
}




@article{Fujimoto:2020qzo,
  title={The ALPINE--ALMA [C ii] Survey: Size of Individual Star-forming Galaxies at z= 4--6 and Their Extended Halo Structure},
  author={Fujimoto, Seiji and Silverman, John D and Bethermin, Matthieu and Ginolfi, Michele and Jones, Gareth C and Le F{\`e}vre, Olivier and Dessauges-Zavadsky, Miroslava and Rujopakarn, Wiphu and Faisst, Andreas L and Fudamoto, Yoshinobu and others},
  journal={The Astrophysical Journal},
  volume={900},
  number={1},
  pages={1},
  year={2020},
  publisher={IOP Publishing}
}

@ARTICLE{Stark15,
       author = {{Stark}, Daniel P. and {Walth}, Gregory and {Charlot}, St{\'e}phane and
         {Cl{\'e}ment}, Benjamin and {Feltre}, Anna and {Gutkin}, Julia and
         {Richard}, Johan and {Mainali}, Ramesh and {Robertson}, Brant and
         {Siana}, Brian and {Tang}, Mengtao and {Schenker}, Matthew},
        title = "{Spectroscopic detection of C IV {\ensuremath{\lambda}}1548 in a galaxy at z = 7.045: implications for the ionizing spectra of reionization-era galaxies}",
      journal = {Monthly Notices of the Royal Astronomical Society},
     keywords = {galaxies: evolution, galaxies: formation, galaxies: high-redshift, cosmology: observations, Astrophysics - Astrophysics of Galaxies},
         year = "2015",
        month = "Dec",
       volume = {454},
       number = {2},
        pages = {1393-1403},
          doi = {10.1093/mnras/stv1907},
archivePrefix = {arXiv},
       eprint = {1504.06881},
 primaryClass = {astro-ph.GA},
       adsurl = {https://ui.adsabs.harvard.edu/abs/2015MNRAS.454.1393S},
      adsnote = {Provided by the SAO/NASA Astrophysics Data System}
}


@article{pallottini:2019,
       author = {{Pallottini}, A. and {Ferrara}, A. and {Decataldo}, D. and
         {Gallerani}, S. and {Vallini}, L. and {Carniani}, S. and {Behrens}, C. and
         {Kohandel}, M. and {Salvadori}, S.},
        title = "{Deep into the structure of the first galaxies: SERRA views}",
      journal = {Monthly Notices of the Royal Astronomical Society},
     keywords = {methods: numerical, galaxies: evolution, galaxies: formation, galaxies: high-redshift, galaxies: ISM, infrared: general, Astrophysics - Astrophysics of Galaxies, Astrophysics - Cosmology and Nongalactic Astrophysics},
         year = "2019",
        month = "Aug",
       volume = {487},
       number = {2},
        pages = {1689-1708},
          doi = {10.1093/mnras/stz1383},
archivePrefix = {arXiv},
       eprint = {1905.08254},
 primaryClass = {astro-ph.GA},
       adsurl = {https://ui.adsabs.harvard.edu/abs/2019MNRAS.487.1689P},
      adsnote = {Provided by the SAO/NASA Astrophysics Data System}
}


@ARTICLE{Knudsen:2017,
       author = {{Knudsen}, Kirsten K. and {Watson}, Darach and {Frayer}, David and
         {Christensen}, Lise and {Gallazzi}, Anna and
         {Micha{\l}owski}, Micha{\l} J. and {Richard}, Johan and
         {Zavala}, Jes{\'u}s},
        title = "{A merger in the dusty, z = 7.5 galaxy A1689-zD1?}",
      journal = {Monthly Notices of the Royal Astronomical Society},
     keywords = {galaxies: evolution, galaxies: formation, galaxies: high-redshift, galaxies: ISM, submillimetre: galaxies, Astrophysics - Astrophysics of Galaxies, Astrophysics - Cosmology and Nongalactic Astrophysics},
         year = 2017,
        month = apr,
       volume = {466},
       number = {1},
        pages = {138-146},
          doi = {10.1093/mnras/stw3066},
archivePrefix = {arXiv},
       eprint = {1603.03222},
 primaryClass = {astro-ph.GA},
       adsurl = {https://ui.adsabs.harvard.edu/abs/2017MNRAS.466..138K},
      adsnote = {Provided by the SAO/NASA Astrophysics Data System}
}


@article{gatkine2020cgm,
  title={The CGM-GRB Study II: Outflow-Galaxy Connection at z\~{} 2-6},
  author={Gatkine, Pradip and Veilleux, Sylvain and Perley, Daniel and Durbak, Joseph and Dichiara, Simone and Cenko, S Bradley and Troja, Eleonora},
  journal={arXiv preprint arXiv:2010.10540},
  year={2020}
}

@article{herrera2021kiloparsec,
  title={A kiloparsec view of a typical star-forming galaxy when the Universe was $\sim$ 1 Gyr old. Part I. Outflow, halo, and interstellar medium properties},
  author={Herrera-Camus, R and Schreiber, N F{\"o}rster and Genzel, R and Tacconi, L and Bolatto, A and Davies, RL and Fisher, D and Lutz, D and Naab, T and Shimizu, T and others},
  journal={arXiv preprint arXiv:2101.05279},
  year={2021}
}



@ARTICLE{pallottini2017b,
   author = {{Pallottini}, A. and {Ferrara}, A. and {Bovino}, S. and {Vallini}, L. and 
   	{Gallerani}, S. and {Maiolino}, R. and {Salvadori}, S.},
    title = "{The impact of chemistry on the structure of high-z galaxies}",
  journal = {Monthly Notices of the Royal Astronomical Society},
archivePrefix = "arXiv",
   eprint = {1707.04259},
 keywords = {methods: numerical, galaxies: evolution, galaxies: formation, galaxies: high-redshift, galaxies: ISM, infrared: general},
     year = 2017,
    month = nov,
   volume = 471,
    pages = {4128-4143},
      doi = {10.1093/mnras/stx1792},
   adsurl = {http://adsabs.harvard.edu/abs/2017MNRAS.471.4128P},
  adsnote = {Provided by the SAO/NASA Astrophysics Data System}
}


@ARTICLE{chevalier_clegg:1985,
       author = {{Chevalier}, R.~A. and {Clegg}, A.~W.},
        title = "{Wind from a starburst galaxy nucleus}",
      journal = {Nature},
     keywords = {Galactic Nuclei, Starburst Galaxies, Stellar Winds, Supernovae, Astronomical Models, Galactic Radiation, Gas Pressure, X Ray Sources, Astrophysics},
         year = "1985",
        month = "Sep",
       volume = {317},
       number = {6032},
        pages = {44-45},
          doi = {10.1038/317044a0},
       adsurl = {https://ui.adsabs.harvard.edu/abs/1985Natur.317...44C},
      adsnote = {Provided by the SAO/NASA Astrophysics Data System}
}


@article{peroux2020cosmic,
  title={The Cosmic Baryon and Metal Cycles},
  author={P{\'e}roux, C{\'e}line and Howk, J Christopher},
  journal={Annual Review of Astronomy and Astrophysics},
  volume={58},
  pages={363--406},
  year={2020},
  publisher={Annual Reviews}
}



@article{tumlison,
author = {Tumlinson, Jason and Peeples, Molly S. and Werk, Jessica K.},
title = {The Circumgalactic Medium},
journal = {Annual Review of Astronomy and Astrophysics},
volume = {55},
number = {1},
pages = {389-432},
year = {2017},
doi = {10.1146/annurev-astro-091916-055240},

URL = { 
        https://doi.org/10.1146/annurev-astro-091916-055240
    
},
eprint = { 
        https://doi.org/10.1146/annurev-astro-091916-055240
    
}
}



@article{Walter:2002vq,
    author = "Walter, Fabian and Weiss, Axel and Scoville, Nick",
    title = "{Molecular gas in M 82: Resolving the outflow and streamers}",
    eprint = "astro-ph/0210602",
    archivePrefix = "arXiv",
    doi = "10.1086/345287",
    journal = "Astrophys. J. Lett.",
    volume = "580",
    pages = "L21--L26",
    year = "2002"
}


@ARTICLE{cicone2015,
   author = {{Cicone}, C. and {Maiolino}, R. and {Gallerani}, S. and {Neri}, R. and 
	{Ferrara}, A. and {Sturm}, E. and {Fiore}, F. and {Piconcelli}, E. and 
	{Feruglio}, C.},
    title = "{Very extended cold gas, star formation and outflows in the halo of a bright quasar at z $>$ 6}",
  journal = {Astronomy and Astrophysics},
archivePrefix = "arXiv",
   eprint = {1409.4418},
 keywords = {galaxies: general, galaxies: ISM, galaxies: evolution, galaxies: high-redshift, quasars: general},
     year = 2015,
    month = feb,
   volume = 574,
      eid = {A14},
    pages = {A14},
      doi = {10.1051/0004-6361/201424980},
   adsurl = {http://adsabs.harvard.edu/abs/2015A%26A...574A..14C},
  adsnote = {Provided by the SAO/NASA Astrophysics Data System}
}


@ARTICLE{Sugahara19,
       author = {{Sugahara}, Yuma and {Ouchi}, Masami and {Harikane}, Yuichi and
         {Bouch{\'e}}, Nicolas and {Mitchell}, Peter D. and
         {Blaizot}, J{\'e}r{\'e}my},
        title = "{Fast Outflows Identified in Early Star-forming Galaxies at z=5-6}",
      journal = {The Astrophysical Journal},
     keywords = {Galaxy formation, Galaxy evolution, Galaxy winds, High-redshift galaxies, Astrophysics - Astrophysics of Galaxies},
         year = "2019",
        month = "Nov",
       volume = {886},
       number = {1},
          eid = {29},
        pages = {29},
          doi = {10.3847/1538-4357/ab49fe},
archivePrefix = {arXiv},
       eprint = {1904.03106},
 primaryClass = {astro-ph.GA},
       adsurl = {https://ui.adsabs.harvard.edu/abs/2019ApJ...886...29S},
      adsnote = {Provided by the SAO/NASA Astrophysics Data System}
}


@article{veilleux2020cool,
  title={Cool outflows in galaxies and their implications},
  author={Veilleux, Sylvain and Maiolino, Roberto and Bolatto, Alberto D and Aalto, Susanne},
  journal={The Astronomy and Astrophysics Review},
  volume={28},
  number={1},
  pages={1--173},
  year={2020},
  publisher={Springer}
}


@article{heckman2017galactic,
  title={Galactic winds and the role played by massive stars},
  author={Heckman, Timothy M and Thompson, Todd A},
  journal={arXiv preprint arXiv:1701.09062},
  year={2017}
}


@ARTICLE{murray2011,
   author = {{Murray}, N.},
    title = "{Star Formation Efficiencies and Lifetimes of Giant Molecular Clouds in the Milky Way}",
  journal = {The Astrophysical Journal},
archivePrefix = "arXiv",
   eprint = {1007.3270},
 primaryClass = "astro-ph.GA",
 keywords = {galaxies: star clusters: general, ISM: bubbles, ISM: clouds, stars: formation},
     year = 2011,
    month = mar,
   volume = 729,
      eid = {133},
    pages = {133},
      doi = {10.1088/0004-637X/729/2/133},
   adsurl = {http://adsabs.harvard.edu/abs/2011ApJ...729..133M},
  adsnote = {Provided by the SAO/NASA Astrophysics Data System}
}

@article{hopkins2014,
  title={Galaxies on FIRE (Feedback In Realistic Environments): stellar feedback explains cosmologically inefficient star formation},
  author={Hopkins, Philip F and Kere{\v{s}}, Du{\v{s}}an and O{\~n}orbe, Jos{\'e} and Faucher-Gigu{\`e}re, Claude-Andr{\'e} and Quataert, Eliot and Murray, Norman and Bullock, James S},
  journal={Monthly Notices of the Royal Astronomical Society},
  volume={445},
  number={1},
  pages={581--603},
  year={2014},
  publisher={The Royal Astronomical Society}
}


@article{muratov2015,
  title={Gusty, gaseous flows of FIRE: galactic winds in cosmological simulations with explicit stellar feedback},
  author={Muratov, Alexander L and Kere{\v{s}}, Du{\v{s}}an and Faucher-Gigu{\`e}re, Claude-Andr{\'e} and Hopkins, Philip F and Quataert, Eliot and Murray, Norman},
  journal={Monthly Notices of the Royal Astronomical Society},
  volume={454},
  number={3},
  pages={2691--2713},
  year={2015},
  publisher={Oxford University Press}
}

@ARTICLE{Silich:2004,
       author = {{Silich}, Sergey and {Tenorio-Tagle}, Guillermo and
         {Rodr{\'\i}guez-Gonz{\'a}lez}, Ary},
        title = "{Winds Driven by Super Star Clusters: The Self-Consistent Radiative Solution}",
      journal = {The Astrophysical Journal},
     keywords = {Galaxies: Individual: NGC Number: NGC 4303, Galaxies: Individual: NGC Number: NGC 5253, Galaxies: Star Clusters, Galaxies: Starburst, ISM: Kinematics and Dynamics, Galaxy: Open Clusters and Associations: Individual: Name: Arches, Astrophysics},
         year = 2004,
        month = jul,
       volume = {610},
       number = {1},
        pages = {226-232},
          doi = {10.1086/421702},
archivePrefix = {arXiv},
       eprint = {astro-ph/0404281},
 primaryClass = {astro-ph},
       adsurl = {https://ui.adsabs.harvard.edu/abs/2004ApJ...610..226S},
      adsnote = {Provided by the SAO/NASA Astrophysics Data System}
}


@article{gray2019catastrophic,
  title={Catastrophic Cooling in Superwinds: Line Emission and Non-equilibrium Ionization},
  author={Gray, William J and Oey, MS and Silich, Sergiy and Scannapieco, Evan},
  journal={arXiv preprint arXiv:1910.12882},
  year={2019}
}




@ARTICLE{sarkar:2015,
       author = {{Sarkar}, Kartick Chandra and {Nath}, Biman B. and {Sharma}, Prateek},
        title = "{Multiwavelength features of Fermi bubbles as signatures of a Galactic wind}",
      journal = {Monthly Notices of the Royal Astronomical Society},
     keywords = {ISM: jets and outflows, Galaxy: centre, Galaxy: halo, galaxies: star formation, Astrophysics - Astrophysics of Galaxies, Astrophysics - High Energy Astrophysical Phenomena},
         year = 2015,
        month = nov,
       volume = {453},
       number = {4},
        pages = {3827-3838},
          doi = {10.1093/mnras/stv1806},
archivePrefix = {arXiv},
       eprint = {1505.03634},
 primaryClass = {astro-ph.GA},
       adsurl = {https://ui.adsabs.harvard.edu/abs/2015MNRAS.453.3827S},
      adsnote = {Provided by the SAO/NASA Astrophysics Data System}
}


@ARTICLE{Thompson16,
       author = {{Thompson}, Todd A. and {Quataert}, Eliot and {Zhang}, Dong and
         {Weinberg}, David H.},
        title = "{An origin for multiphase gas in galactic winds and haloes}",
      journal = {Monthly Notices of the Royal Astronomical Society},
     keywords = {galaxies: evolution, galaxies: formation, galaxies: starburst, galaxies: star clusters: general, Astrophysics - Astrophysics of Galaxies},
         year = "2016",
        month = "Jan",
       volume = {455},
       number = {2},
        pages = {1830-1844},
          doi = {10.1093/mnras/stv2428},
archivePrefix = {arXiv},
       eprint = {1507.04362},
 primaryClass = {astro-ph.GA},
       adsurl = {https://ui.adsabs.harvard.edu/abs/2016MNRAS.455.1830T},
      adsnote = {Provided by the SAO/NASA Astrophysics Data System}
}


@ARTICLE{Scannapieco:2017,
       author = {{Scannapieco}, Evan},
        title = "{The Production of Cold Gas Within Galaxy Outflows}",
      journal = {The Astrophysical Journal},
     keywords = {galaxies: evolution, galaxies: starburst, galaxies: structure, Astrophysics - Astrophysics of Galaxies},
         year = 2017,
        month = mar,
       volume = {837},
       number = {1},
          eid = {28},
        pages = {28},
          doi = {10.3847/1538-4357/aa5d0d},
archivePrefix = {arXiv},
       eprint = {1702.00793},
 primaryClass = {astro-ph.GA},
       adsurl = {https://ui.adsabs.harvard.edu/abs/2017ApJ...837...28S},
      adsnote = {Provided by the SAO/NASA Astrophysics Data System}
}



@ARTICLE{Schneider:2018,
       author = {{Schneider}, Evan E. and {Robertson}, Brant E. and {Thompson}, Todd A.},
        title = "{Production of Cool Gas in Thermally Driven Outflows}",
      journal = {The Astrophysical Journal},
     keywords = {galaxies: evolution, galaxies: formation, galaxies: starburst, Astrophysics - Astrophysics of Galaxies},
         year = 2018,
        month = jul,
       volume = {862},
       number = {1},
          eid = {56},
        pages = {56},
          doi = {10.3847/1538-4357/aacce1},
archivePrefix = {arXiv},
       eprint = {1803.01005},
 primaryClass = {astro-ph.GA},
       adsurl = {https://ui.adsabs.harvard.edu/abs/2018ApJ...862...56S},
      adsnote = {Provided by the SAO/NASA Astrophysics Data System}
}


@ARTICLE{Gronke&Oh:2020,
       author = {{Gronke}, Max and {Oh}, S. Peng},
        title = "{Is multiphase gas cloudy or misty?}",
      journal = {Monthly Notices of the Royal Astronomical Society},
     keywords = {hydrodynamics, ISM: clouds, ISM: structure, Galaxy: halo, Galaxy: kinematics and dynamics, galaxies: evolution, Astrophysics - Astrophysics of Galaxies, Astrophysics - Solar and Stellar Astrophysics},
         year = 2020,
        month = may,
       volume = {494},
       number = {1},
        pages = {L27-L31},
          doi = {10.1093/mnrasl/slaa033},
archivePrefix = {arXiv},
       eprint = {1912.07808},
 primaryClass = {astro-ph.GA},
       adsurl = {https://ui.adsabs.harvard.edu/abs/2020MNRAS.494L..27G},
      adsnote = {Provided by the SAO/NASA Astrophysics Data System}
}



@ARTICLE{Wisotzki16,
       author = {{Wisotzki}, L. and {Bacon}, R. and {Blaizot}, J. and {Brinchmann}, J. and
         {Herenz}, E.~C. and {Schaye}, J. and {Bouch{\'e}}, N. and
         {Cantalupo}, S. and {Contini}, T. and {Carollo}, C.~M.},
        title = "{Extended Lyman {\ensuremath{\alpha}} haloes around individual high-redshift galaxies revealed by MUSE}",
      journal = {Astronomy and Astrophysics},
     keywords = {galaxies: high-redshift, galaxies: evolution, galaxies: formation, cosmology: observations, intergalactic medium, Astrophysics - Astrophysics of Galaxies},
         year = "2016",
        month = "Mar",
       volume = {587},
          eid = {A98},
        pages = {A98},
          doi = {10.1051/0004-6361/201527384},
archivePrefix = {arXiv},
       eprint = {1509.05143},
 primaryClass = {astro-ph.GA},
       adsurl = {https://ui.adsabs.harvard.edu/abs/2016A&A...587A..98W},
      adsnote = {Provided by the SAO/NASA Astrophysics Data System}
}


@ARTICLE{Wisotzki18,
       author = {{Wisotzki}, L. and {Bacon}, R. and {Brinchmann}, J. and {Cantalupo}, S. and
         {Richter}, P. and {Schaye}, J. and {Schmidt}, K.~B. and {Urrutia}, T. and
         {Weilbacher}, P.~M. and {Akhlaghi}, M.},
        title = "{Nearly all the sky is covered by Lyman-{\ensuremath{\alpha}} emission around high-redshift galaxies}",
      journal = {Nature},
     keywords = {Astrophysics - Astrophysics of Galaxies},
         year = "2018",
        month = "Oct",
       volume = {562},
       number = {7726},
        pages = {229-232},
          doi = {10.1038/s41586-018-0564-6},
archivePrefix = {arXiv},
       eprint = {1810.00843},
 primaryClass = {astro-ph.GA},
       adsurl = {https://ui.adsabs.harvard.edu/abs/2018Natur.562..229W},
      adsnote = {Provided by the SAO/NASA Astrophysics Data System}
}


@ARTICLE{Kakuma19,
       author = {{Kakuma}, Ryota and {Ouchi}, Masami and {Harikane}, Yuichi and
         {Inoue}, Akio K and {Komiyama}, Yutaka and {Kusakabe}, Haruka and
         {Liu}, Chien-Hsiu and {Matsuda}, Yuichi and {Matsuoka}, Yoshiki and
         {Mawatari}, Ken},
        title = "{SILVERRUSH. IX. Ly$\alpha$ Intensity Mapping with Star-Forming Galaxies at $z=5.7$ and $6.6$: Ly$\alpha$ Emission Extended at $>150$ comoving kpc Beyond the Virial-Radius Scale of Galaxy Dark Matter Halos}",
      journal = {arXiv e-prints},
     keywords = {Astrophysics - Astrophysics of Galaxies},
         year = "2019",
        month = "Jun",
          eid = {arXiv:1906.00173},
        pages = {arXiv:1906.00173},
archivePrefix = {arXiv},
       eprint = {1906.00173},
 primaryClass = {astro-ph.GA},
       adsurl = {https://ui.adsabs.harvard.edu/abs/2019arXiv190600173K},
      adsnote = {Provided by the SAO/NASA Astrophysics Data System}
}

@ARTICLE{Arata:2019,
       author = {{Arata}, Shohei and {Yajima}, Hidenobu and {Nagamine}, Kentaro and
         {Li}, Yuexing and {Khochfar}, Sadegh},
        title = "{Radiative properties of the first galaxies: rapid transition between UV and infrared bright phases}",
      journal = {Monthly Notices of the Royal Astronomical Society},
     keywords = {hydrodynamics, radiative transfer, galaxies: evolution, galaxies: formation, galaxies: high-redshift, galaxies: ISM, Astrophysics - Astrophysics of Galaxies},
         year = 2019,
        month = sep,
       volume = {488},
       number = {2},
        pages = {2629-2643},
          doi = {10.1093/mnras/stz1887},
archivePrefix = {arXiv},
       eprint = {1810.07621},
 primaryClass = {astro-ph.GA},
       adsurl = {https://ui.adsabs.harvard.edu/abs/2019MNRAS.488.2629A},
      adsnote = {Provided by the SAO/NASA Astrophysics Data System}
}

@ARTICLE{Pizzati20,
       author = {{Pizzati}, E. and {Ferrara}, A. and {Pallottini}, A. and {Gallerani}, S. and {Vallini}, L. and {Decataldo}, D. and {Fujimoto}, S.},
        title = "{Outflows and extended [C II] haloes in high-redshift galaxies}",
      journal = {Monthly Notices of the Royal Astronomical Society},
     keywords = {photodissociation region (PDR), galaxies: high-redshift, galaxies: ISM, Astrophysics - Astrophysics of Galaxies, Astrophysics - Cosmology and Nongalactic Astrophysics},
         year = 2020,
        month = jun,
       volume = {495},
       number = {1},
        pages = {160-172},
          doi = {10.1093/mnras/staa1163},
archivePrefix = {arXiv},
       eprint = {2001.10547},
 primaryClass = {astro-ph.GA},
       adsurl = {https://ui.adsabs.harvard.edu/abs/2020MNRAS.495..160P},
      adsnote = {Provided by the SAO/NASA Astrophysics Data System}
}


@ARTICLE{Faisst:2020,
       author = {{Faisst}, A.~L. and {Schaerer}, D. and {Lemaux}, B.~C. and
         {Oesch}, P.~A. and {Fudamoto}, Y. and {Cassata}, P. and
         {B{\'e}thermin}, M. and {Capak}, P.~L. and {Le F{\`e}vre}, O. and
         {Silverman}, J.~D. and {Yan}, L. and {Ginolfi}, M. and
         {Koekemoer}, A.~M. and {Morselli}, L. and {Amor{\'\i}n}, R. and
         {Bardelli}, S. and {Boquien}, M. and {Brammer}, G. and {Cimatti}, A. and
         {Dessauges-Zavadsky}, M. and {Fujimoto}, S. and {Gruppioni}, C. and
         {Hathi}, N.~P. and {Hemmati}, S. and {Ibar}, E. and {Jones}, G.~C. and
         {Khusanova}, Y. and {Loiacono}, F. and {Pozzi}, F. and {Talia}, M. and
         {Tasca}, L.~A.~M. and {Riechers}, D.~A. and {Rodighiero}, G. and
         {Romano}, M. and {Scoville}, N. and {Toft}, S. and {Vallini}, L. and
         {Vergani}, D. and {Zamorani}, G. and {Zucca}, E.},
        title = "{The ALPINE-ALMA [C II] Survey: Multiwavelength Ancillary Data and Basic Physical Measurements}",
      journal = {The Astrophysical Journal},
     keywords = {Astrophysics - Astrophysics of Galaxies},
         year = 2020,
        month = apr,
       volume = {247},
       number = {2},
          eid = {61},
        pages = {61},
          doi = {10.3847/1538-4365/ab7ccd},
archivePrefix = {arXiv},
       eprint = {1912.01621},
 primaryClass = {astro-ph.GA},
       adsurl = {https://ui.adsabs.harvard.edu/abs/2020ApJS..247...61F},
      adsnote = {Provided by the SAO/NASA Astrophysics Data System}
}


@ARTICLE{faisst:2019,
       author = {{Faisst}, A.~L. and {Schaerer}, D. and {Lemaux}, B.~C. and
         {Oesch}, P.~A. and {Fudamoto}, Y. and {Cassata}, P. and
         {Bethermin}, M. and {Capak}, P.~L. and {Le Fevre}, O. and
         {Silverman}, J.~D. and {Yan}, L. and {Ginolfi}, M. and
         {Koekemoer}, A.~M. and {Morselli}, L. and {Amorin}, R. and
         {Bardelli}, S. and {Boquien}, M. and {Brammer}, G. and {Cimatti}, A. and
         {Dessauges-Zavadsky}, M. and {Fujimoto}, S. and {Gruppioni}, C. and
         {Hathi}, N.~P. and {Hemmati}, S. and {Jones}, G.~C. and
         {Khusanova}, Y. and {Loiacono}, F. and {Pozzi}, F. and {Talia}, M. and
         {Tasca}, L.~A.~M. and {Riechers}, D.~A. and {Rodighiero}, G. and
         {Romano}, M. and {Scoville}, N. and {Toft}, S. and {Vallini}, L. and
         {Vergani}, D. and {Zamorani}, G. and {Zucca}, E.},
        title = "{The ALPINE-ALMA [CII] Survey: Multi-Wavelength Ancillary Data and Basic Physical Measurements}",
      journal = {arXiv e-prints},
     keywords = {Astrophysics - Astrophysics of Galaxies},
         year = 2019,
        month = dec,
          eid = {arXiv:1912.01621},
        pages = {arXiv:1912.01621},
archivePrefix = {arXiv},
       eprint = {1912.01621},
 primaryClass = {astro-ph.GA},
       adsurl = {https://ui.adsabs.harvard.edu/abs/2019arXiv191201621F},
      adsnote = {Provided by the SAO/NASA Astrophysics Data System}
}

@ARTICLE{bethermin:2019,
       author = {{Bethermin}, M. and {Fudamoto}, Y. and {Ginolfi}, M. and {Loiacono}, F. and
         {Khusanova}, Y. and {Capak}, P.~L. and {Cassata}, P. and {Faisst}, A. and
         {Le Fevre}, O. and {Schaerer}, D. and {Silverman}, J.~D. and {Yan}, L. and
         {Amorin}, R. and {Bardelli}, S. and {Boquien}, M. and {Cimatti}, A. and
         {Davidzon}, I. and {Dessauges-Zavadsky}, M. and {Fujimoto}, S. and
         {Gruppioni}, C. and {Hathi}, N.~P. and {Ibar}, E. and {Jones}, G.~C. and
         {Koekemoer}, A.~M. and {Lagache}, G. and {Lemaux}, B.~C. and
         {Oesch}, P.~A. and {Pozzi}, F. and {Riechers}, D.~A. and {Talia}, M. and
         {Toft}, S. and {Vallini}, L. and {Vergani}, D. and {Zamorani}, G. and
         {Zucca}, E.},
        title = "{The ALPINE-ALMA [CII] Survey: data processing, catalogs, and statistical source properties}",
      journal = {arXiv e-prints},
     keywords = {Astrophysics - Astrophysics of Galaxies, Astrophysics - Cosmology and Nongalactic Astrophysics},
         year = 2020,
        month = feb,
          eid = {arXiv:2002.00962},
        pages = {arXiv:2002.00962},
archivePrefix = {arXiv},
       eprint = {2002.00962},
 primaryClass = {astro-ph.GA},
       adsurl = {https://ui.adsabs.harvard.edu/abs/2020arXiv200200962B},
      adsnote = {Provided by the SAO/NASA Astrophysics Data System}
}


@ARTICLE{lefevre:2019,
       author = {{Le F{\`e}vre}, O. and {B{\'e}thermin}, M. and {Faisst}, A. and
         {Capak}, P. and {Cassata}, P. and {Silverman}, J.~D. and
         {Schaerer}, D. and {Yan}, L.},
        title = "{The ALPINE-ALMA [CII] survey: Survey strategy, observations and sample properties of 118 star-forming galaxies at $4<z<6$}",
      journal = {arXiv e-prints},
     keywords = {Astrophysics - Cosmology and Nongalactic Astrophysics, Astrophysics - Astrophysics of Galaxies},
         year = "2019",
        month = "Oct",
          eid = {arXiv:1910.09517},
        pages = {arXiv:1910.09517},
archivePrefix = {arXiv},
       eprint = {1910.09517},
 primaryClass = {astro-ph.CO},
       adsurl = {https://ui.adsabs.harvard.edu/abs/2019arXiv191009517L},
      adsnote = {Provided by the SAO/NASA Astrophysics Data System}
}


@ARTICLE{2005ARA&A..43..769V,
       author = {{Veilleux}, Sylvain and {Cecil}, Gerald and {Bland-Hawthorn}, Joss},
        title = "{Galactic Winds}",
      journal = {Annual Review of Astronomy \& Astrophysics},
     keywords = {Astrophysics},
         year = 2005,
        month = sep,
       volume = {43},
       number = {1},
        pages = {769-826},
          doi = {10.1146/annurev.astro.43.072103.150610},
archivePrefix = {arXiv},
       eprint = {astro-ph/0504435},
 primaryClass = {astro-ph},
       adsurl = {https://ui.adsabs.harvard.edu/abs/2005ARA&A..43..769V},
      adsnote = {Provided by the SAO/NASA Astrophysics Data System}
}

@ARTICLE{dacunha2013,
   author = {{da Cunha}, E. and {Groves}, B. and {Walter}, F. and {Decarli}, R. and 
	{Weiss}, A. and {Bertoldi}, F. and {Carilli}, C. and {Daddi}, E. and 
	{Elbaz}, D. and {Ivison}, R. and {Maiolino}, R. and {Riechers}, D. and 
	{Rix}, H.-W. and {Sargent}, M. and {Smail}, I.},
    title = "{On the Effect of the Cosmic Microwave Background in High-redshift (Sub-)millimeter Observations}",
  journal = {The Astrophysical Journal},
archivePrefix = "arXiv",
   eprint = {1302.0844},
 primaryClass = "astro-ph.CO",
 keywords = {galaxies: evolution, galaxies: ISM, submillimeter: galaxies },
     year = 2013,
    month = mar,
   volume = 766,
      eid = {13},
    pages = {13},
      doi = {10.1088/0004-637X/766/1/13},
   adsurl = {http://adsabs.harvard.edu/abs/2013ApJ...766...13D},
  adsnote = {Provided by the SAO/NASA Astrophysics Data System}
}




@article{schneider2018production,
  title={Production of Cool Gas in Thermally Driven Outflows},
  author={Schneider, Evan E and Robertson, Brant E and Thompson, Todd A},
  journal={The Astrophysical Journal},
  volume={862},
  number={1},
  pages={56},
  year={2018},
  publisher={IOP Publishing}
}


@article{de2020simulated,
  title={Simulated Observations of Multiphase Galactic Winds},
  author={de la Cruz, Lita M and Schneider, Evan E and Ostriker, Eve C},
  journal={arXiv preprint arXiv:2012.02212},
  year={2020}
}


@article{schneider2020physical,
  title={The physical nature of starburst-driven Galactic outflows},
  author={Schneider, Evan E and Ostriker, Eve C and Robertson, Brant E and Thompson, Todd A},
  journal={The Astrophysical Journal},
  volume={895},
  number={1},
  pages={43},
  year={2020},
  publisher={IOP Publishing}
}


@article{schneider2018introducing,
  title={Introducing CGOLS: The Cholla Galactic Outflow Simulation Suite},
  author={Schneider, Evan E and Robertson, Brant E},
  journal={The Astrophysical Journal},
  volume={860},
  number={2},
  pages={135},
  year={2018},
  publisher={IOP Publishing}
}


@article{scannapieco2017production,
  title={The production of cold gas within galaxy outflows},
  author={Scannapieco, Evan},
  journal={The Astrophysical Journal},
  volume={837},
  number={1},
  pages={28},
  year={2017},
  publisher={IOP Publishing}
}

@ARTICLE{samui:2008,
       author = {{Samui}, Saumyadip and {Subramanian}, Kandaswamy and {Srianand
        }, Raghunathan},
        title = "{Constrained semi-analytical models of galactic outflows}",
      journal = {Monthly Notices of the Royal Astronomical Society},
     keywords = {stars: winds, outflows, galaxies: evolution, galaxies: formation, galaxies: high-redshift, intergalactic medium, cosmology: theory, Astrophysics},
         year = 2008,
        month = apr,
       volume = {385},
       number = {2},
        pages = {783-808},
          doi = {10.1111/j.1365-2966.2008.12932.x},
archivePrefix = {arXiv},
       eprint = {0801.1401},
 primaryClass = {astro-ph},
       adsurl = {https://ui.adsabs.harvard.edu/abs/2008MNRAS.385..783S},
      adsnote = {Provided by the SAO/NASA Astrophysics Data System}
}

@ARTICLE{Lochaas:2020,
       author = {{Lochhaas}, Cassandra and {Bryan}, Greg L. and {Li}, Yuan and
         {Li}, Miao and {Fielding}, Drummond},
        title = "{Properties of the simulated circumgalactic medium}",
      journal = {Monthly Notices of the Royal Astronomical Society},
     keywords = {galaxies: haloes, Astrophysics - Astrophysics of Galaxies},
         year = 2020,
        month = mar,
       volume = {493},
       number = {1},
        pages = {1461-1478},
          doi = {10.1093/mnras/staa358},
archivePrefix = {arXiv},
       eprint = {1908.00021},
 primaryClass = {astro-ph.GA},
       adsurl = {https://ui.adsabs.harvard.edu/abs/2020MNRAS.493.1461L},
      adsnote = {Provided by the SAO/NASA Astrophysics Data System}
}


@article{Paardekooper:2015via,
    author = "Paardekooper, Jan-Pieter and Khochfar, Sadegh and Vecchia, Claudio Dalla",
    title = "{The First Billion Years Project: The escape fraction of ionizing photons in the epoch of reionization}",
    eprint = "1501.01967",
    archivePrefix = "arXiv",
    primaryClass = "astro-ph.CO",
    doi = "10.1093/mnras/stv1114",
    journal = "Mon. Not. Roy. Astron. Soc.",
    volume = "451",
    number = "3",
    pages = "2544--2563",
    year = "2015"
}


@ARTICLE{Heckman15,
       author = {{Heckman}, Timothy M. and {Alexandroff}, Rachel M. and
         {Borthakur}, Sanchayeeta and {Overzier}, Roderik and {Leitherer}, Claus},
        title = "{The Systematic Properties of the Warm Phase of Starburst-Driven Galactic Winds}",
      journal = {The Astrophysical Journal},
     keywords = {galaxies: evolution, galaxies: ISM, galaxies: kinematics and dynamics, galaxies: starburst, intergalactic medium, Astrophysics - Astrophysics of Galaxies},
         year = "2015",
        month = "Aug",
       volume = {809},
       number = {2},
          eid = {147},
        pages = {147},
          doi = {10.1088/0004-637X/809/2/147},
archivePrefix = {arXiv},
       eprint = {1507.05622},
 primaryClass = {astro-ph.GA},
       adsurl = {https://ui.adsabs.harvard.edu/abs/2015ApJ...809..147H},
      adsnote = {Provided by the SAO/NASA Astrophysics Data System}
}

@article{Harrison:2018jvh,
    author = {Harrison, C. M. and Costa, T. and Tadhunter, C. N. and Fl\"utsch, A. and Kakkad, D. and Perna, M. and Vietri, G.},
    title = "{AGN outflows and feedback twenty years on}",
    eprint = "1802.10306",
    archivePrefix = "arXiv",
    primaryClass = "astro-ph.GA",
    doi = "10.1038/s41550-018-0403-6",
    journal = "Nature Astron.",
    volume = "2",
    number = "3",
    pages = "198--205",
    year = "2018"
}


@article{cattaneo2009role,
  title={The role of black holes in galaxy formation and evolution},
  author={Cattaneo, A and Faber, SM and Binney, J and Dekel, A and Kormendy, J and Mushotzky, R and Babul, A and Best, PN and Br{\"u}ggen, M and Fabian, AC and others},
  journal={Nature},
  volume={460},
  number={7252},
  pages={213--219},
  year={2009},
  publisher={Nature Publishing Group}
}


@article{shin2020infrared,
  title={The Infrared Medium-deep Survey. VII. Faint Quasars at z~ 5 in the ELAIS-N1 Field},
  author={Shin, Suhyun and Im, Myungshin and Kim, Yongjung and Hyun, Minhee and Pak, Soojong and Jeon, Yiseul and Ji, Tae-Geun and Ahn, Hojae and Byeon, Seoyeon and Han, Jimin and others},
  journal={The Astrophysical Journal},
  volume={893},
  number={1},
  pages={45},
  year={2020},
  publisher={IOP Publishing}
}

@article{netzer2015revisiting,
  title={Revisiting the unified model of active galactic nuclei},
  author={Netzer, Hagai},
  journal={Annual Review of Astronomy and Astrophysics},
  volume={53},
  pages={365--408},
  year={2015},
  publisher={Annual Reviews}
}

@ARTICLE{Rybak20,
       author = {{Rybak}, M. and {Hodge}, J.~A. and {Vegetti}, S. and {van der Werf}, P. and
         {Andreani}, P. and {Graziani}, L. and {McKean}, J.~P.},
        title = "{Full of Orions: a 200-pc mapping of the interstellar medium in the redshift-3 lensed dusty star-forming galaxy SDP.81}",
      journal = {arXiv e-prints},
     keywords = {Astrophysics - Astrophysics of Galaxies},
         year = "2019",
        month = "Dec",
          eid = {arXiv:1912.12538},
        pages = {arXiv:1912.12538},
archivePrefix = {arXiv},
       eprint = {1912.12538},
 primaryClass = {astro-ph.GA},
       adsurl = {https://ui.adsabs.harvard.edu/abs/2019arXiv191212538R},
      adsnote = {Provided by the SAO/NASA Astrophysics Data System}
}


@article{kohandel:2019,
       author = {{Kohandel}, M. and {Pallottini}, A. and {Ferrara}, A. and {Zanella}, A. and
         {Behrens}, C. and {Carniani}, S. and {Gallerani}, S. and {Vallini}, L.},
        title = "{Kinematics of z {\ensuremath{\geq}} 6 galaxies from [C II] line emission}",
      journal = {Monthly Notices of the Royal Astronomical Society},
     keywords = {methods: analytical, methods: numerical, ISM: evolution, galaxies: evolution, galaxies: high-redshift, galaxies: kinematics and dynamics, Astrophysics - Astrophysics of Galaxies, Astrophysics - Cosmology and Nongalactic Astrophysics},
         year = "2019",
        month = "Aug",
       volume = {487},
       number = {3},
        pages = {3007-3020},
          doi = {10.1093/mnras/stz1486},
archivePrefix = {arXiv},
       eprint = {1905.11413},
 primaryClass = {astro-ph.GA},
       adsurl = {https://ui.adsabs.harvard.edu/abs/2019MNRAS.487.3007K},
      adsnote = {Provided by the SAO/NASA Astrophysics Data System}
}


@ARTICLE{pallottini2015,
       author = {{Pallottini}, A. and {Gallerani}, S. and {Ferrara}, A. and {Yue}, B. and
         {Vallini}, L. and {Maiolino}, R. and {Feruglio}, C.},
        title = "{Mapping metals at high redshift with far-infrared lines}",
      journal = {Monthly Notices of the Royal Astronomical Society},
     keywords = {galaxies: high-redshift, intergalactic medium, cosmic background radiation, infrared: general, Astrophysics - Cosmology and Nongalactic Astrophysics, Astrophysics - Astrophysics of Galaxies},
         year = "2015",
        month = "Oct",
       volume = {453},
       number = {2},
        pages = {1898-1909},
          doi = {10.1093/mnras/stv1788},
archivePrefix = {arXiv},
       eprint = {1506.05803},
 primaryClass = {astro-ph.CO},
       adsurl = {https://ui.adsabs.harvard.edu/abs/2015MNRAS.453.1898P},
      adsnote = {Provided by the SAO/NASA Astrophysics Data System}
}

@ARTICLE{vallini2015,
   author = {{Vallini}, L. and {Gallerani}, S. and {Ferrara}, A. and {Pallottini}, A. and 
	{Yue}, B.},
    title = "{On the [CII]-SFR Relation in High Redshift Galaxies}",
  journal = {The Astrophysical Journal},
archivePrefix = "arXiv",
   eprint = {1507.00340},
 keywords = {cosmology: observations, cosmology: theory, galaxies: high-redshift, galaxies: ISM, line: formation, submillimeter: ISM},
     year = 2015,
    month = nov,
   volume = 813,
      eid = {36},
    pages = {36},
      doi = {10.1088/0004-637X/813/1/36},
   adsurl = {http://adsabs.harvard.edu/abs/2015ApJ...813...36V},
  adsnote = {Provided by the SAO/NASA Astrophysics Data System}
}

@article{Sancisi:2008wf,
    author = "Sancisi, R. and Fraternali, F. and Oosterloo, T. and van der Hulst, J. M.",
    title = "{Cold gas accretion in galaxies}",
    eprint = "0803.0109",
    archivePrefix = "arXiv",
    primaryClass = "astro-ph",
    doi = "10.1007/s00159-008-0010-0",
    journal = "Astron. Astrophys. Rev.",
    volume = "15",
    pages = "189--223",
    year = "2008"
}


@article{Veilleux:2005ia,
    author = "Veilleux, Sylvain and Cecil, Gerald and Bland-Hawthorn, Joss",
    title = "{Galactic winds}",
    eprint = "astro-ph/0504435",
    archivePrefix = "arXiv",
    doi = "10.1146/annurev.astro.43.072103.150610",
    journal = "Ann. Rev. Astron. Astrophys.",
    volume = "43",
    pages = "769--826",
    year = "2005"
}


@ARTICLE{dekelsilk,
       author = {{Dekel}, A. and {Silk}, J.},
        title = "{The Origin of Dwarf Galaxies, Cold Dark Matter, and Biased Galaxy Formation}",
      journal = {The Astrophysical Journal},
     keywords = {Abundance, Cold Plasmas, Dark Matter, Dwarf Galaxies, Galactic Evolution, Stellar Winds, Virgo Galactic Cluster, Big Bang Cosmology, Galactic Structure, Local Group (Astronomy), Mass To Light Ratios, Stellar Evolution, Supernovae, Astrophysics, COSMOLOGY, GALAXIES: CLUSTERING, GALAXIES: FORMATION, GALAXIES: INTERNAL MOTIONS, GALAXIES: STRUCTURE},
         year = 1986,
        month = apr,
       volume = {303},
        pages = {39},
          doi = {10.1086/164050},
       adsurl = {https://ui.adsabs.harvard.edu/abs/1986ApJ...303...39D},
      adsnote = {Provided by the SAO/NASA Astrophysics Data System}
}

@article{Finlator:2007mh,
    author = "Finlator, K. and Dave, R.",
    title = "{The Origin of the Galaxy Mass-Metallicity Relation and Implications for Galactic Outflows}",
    eprint = "0704.3100",
    archivePrefix = "arXiv",
    primaryClass = "astro-ph",
    doi = "10.1111/j.1365-2966.2008.12991.x",
    journal = "Mon. Not. Roy. Astron. Soc.",
    volume = "385",
    pages = "2181",
    year = "2008"
}


@article{Sijacki:2014yfa,
    author = "Sijacki, Debora and Vogelsberger, Mark and Genel, Shy and Springel, Volker and Torrey, Paul and Snyder, Greg and Nelson, Dylan and Hernquist, Lars",
    title = "{The Illustris simulation: the evolving population of black holes across cosmic time}",
    eprint = "1408.6842",
    archivePrefix = "arXiv",
    primaryClass = "astro-ph.GA",
    doi = "10.1093/mnras/stv1340",
    journal = "Mon. Not. Roy. Astron. Soc.",
    volume = "452",
    number = "1",
    pages = "575--596",
    year = "2015"
}


@article{Vogelsberger:2014kha,
    author = "Vogelsberger, Mark and Genel, Shy and Springel, Volker and Torrey, Paul and Sijacki, Debora and Xu, Dandan and Snyder, Gregory F. and Bird, Simeon and Nelson, Dylan and Hernquist, Lars",
    title = "{Properties of galaxies reproduced by a hydrodynamic simulation}",
    eprint = "1405.1418",
    archivePrefix = "arXiv",
    primaryClass = "astro-ph.CO",
    doi = "10.1038/nature13316",
    journal = "Nature",
    volume = "509",
    pages = "177--182",
    year = "2014"
}

@ARTICLE{schaye2015,
       author = {{Schaye}, Joop and {Crain}, Robert A. and {Bower}, Richard G. and {Furlong}, Michelle and {Schaller}, Matthieu and {Theuns}, Tom and {Dalla Vecchia}, Claudio and {Frenk}, Carlos S. and {McCarthy}, I.~G. and {Helly}, John C. and {Jenkins}, Adrian and {Rosas-Guevara}, Y.~M. and {White}, Simon D.~M. and {Baes}, Maarten and {Booth}, C.~M. and {Camps}, Peter and {Navarro}, Julio F. and {Qu}, Yan and {Rahmati}, Alireza and {Sawala}, Till and {Thomas}, Peter A. and {Trayford}, James},
        title = "{The EAGLE project: simulating the evolution and assembly of galaxies and their environments}",
      journal = {Monthly Notices of the Royal Astronomical Society},
     keywords = {methods: numerical, galaxies: evolution, galaxies: formation, cosmology: theory, Astrophysics - Astrophysics of Galaxies, Astrophysics - Cosmology and Nongalactic Astrophysics},
         year = 2015,
        month = jan,
       volume = {446},
       number = {1},
        pages = {521-554},
          doi = {10.1093/mnras/stu2058},
archivePrefix = {arXiv},
       eprint = {1407.7040},
 primaryClass = {astro-ph.GA},
       adsurl = {https://ui.adsabs.harvard.edu/abs/2015MNRAS.446..521S},
      adsnote = {Provided by the SAO/NASA Astrophysics Data System}
}

@article{Springel:2005nw,
    author = "Springel, Volker and others",
    title = "{Simulating the joint evolution of quasars, galaxies and their large-scale distribution}",
    eprint = "astro-ph/0504097",
    archivePrefix = "arXiv",
    doi = "10.1038/nature03597",
    journal = "Nature",
    volume = "435",
    pages = "629--636",
    year = "2005"
}


@article{Kormendy:2013dxa,
    author = "Kormendy, John and Ho, Luis C.",
    title = "{Coevolution (Or Not) of Supermassive Black Holes and Host Galaxies}",
    eprint = "1304.7762",
    archivePrefix = "arXiv",
    primaryClass = "astro-ph.CO",
    doi = "10.1146/annurev-astro-082708-101811",
    journal = "Ann. Rev. Astron. Astrophys.",
    volume = "51",
    pages = "511--653",
    year = "2013"
}

@article{griffiths2000hot,
  title={Hot plasma and black hole binaries in starburst galaxy M82},
  author={Griffiths, RE and Ptak, A and Feigelson, ED and Garmire, G and Townsley, L and Brandt, William Nielsen and Sambruna, R and Bregman, JN},
  journal={Science},
  volume={290},
  number={5495},
  pages={1325--1328},
  year={2000},
  publisher={American Association for the Advancement of Science}
}

@article{strickland2009supernova,
  title={Supernova feedback efficiency and mass loading in the starburst and galactic superwind exemplar M82},
  author={Strickland, David K and Heckman, Timothy M},
  journal={The Astrophysical Journal},
  volume={697},
  number={2},
  pages={2030},
  year={2009},
  publisher={IOP Publishing}
}



@article{zhang2017entrainment,
  title={Entrainment in trouble: cool cloud acceleration and destruction in hot supernova-driven galactic winds},
  author={Zhang, Dong and Thompson, Todd A and Quataert, Eliot and Murray, Norman},
  journal={Monthly Notices of the Royal Astronomical Society},
  volume={468},
  number={4},
  pages={4801--4814},
  year={2017},
  publisher={Oxford University Press}
}

@article{Thompson:2015dynamics,
author = {Thompson, Todd and Fabian, Andrew and Quataert, Eliot and Murray, Norman},
year = {2015},
month = {04},
pages = {},
title = {Dynamics of dusty radiation-pressure-driven shells and clouds: Fast outflows from galaxies, star clusters, massive stars, and AGN},
volume = {449},
journal = {Monthly Notices of the Royal Astronomical Society},
doi = {10.1093/mnras/stv246}
}


@article{quataert2021physics,
  title={The Physics of Galactic Winds Driven by Cosmic Rays I: Diffusion},
  author={Quataert, Eliot and Thompson, Todd A and Jiang, Yan-Fei},
  journal={arXiv preprint arXiv:2102.05696},
  year={2021}
}


@ARTICLE{Wang:1995,
       author = {{Wang}, Boqi},
        title = "{Cooling Gas Outflows from Galaxies}",
      journal = {The Astrophysical Journal},
     keywords = {Cooling Flows (Astrophysics), Galactic Halos, Interstellar Gas, Outgassing, Quasars, X Ray Astronomy, Absorption Spectra, Brightness Distribution, Energy Spectra, Gravitational Fields, Kinematics, Kinetic Energy, Topology, Astronomy, GALAXIES: COOLING FLOWS, ISM: JETS AND OUTFLOWS, ISM: KINEMATICS AND DYNAMICS, GALAXIES: HALOS, GALAXIES: ISM, X-RAYS: GALAXIES, Astrophysics},
         year = 1995,
        month = may,
       volume = {444},
        pages = {590},
          doi = {10.1086/175633},
archivePrefix = {arXiv},
       eprint = {astro-ph/9412033},
 primaryClass = {astro-ph},
       adsurl = {https://ui.adsabs.harvard.edu/abs/1995ApJ...444..590W},
      adsnote = {Provided by the SAO/NASA Astrophysics Data System}
}



@ARTICLE{mannucci:2012,
       author = {{Mannucci}, F. and {Salvaterra}, R. and {Campisi}, M.~A.},
        title = "{The metallicity of the long GRB hosts and the fundamental metallicity relation of low-mass galaxies}",
      journal = {Monthly Notices of the Royal Astronomical Society},
     keywords = {galaxies: abundances, galaxies: star formation, Astrophysics - Cosmology and Nongalactic Astrophysics},
         year = 2011,
        month = jun,
       volume = {414},
       number = {2},
        pages = {1263-1268},
          doi = {10.1111/j.1365-2966.2011.18459.x},
archivePrefix = {arXiv},
       eprint = {1011.4506},
 primaryClass = {astro-ph.CO},
       adsurl = {https://ui.adsabs.harvard.edu/abs/2011MNRAS.414.1263M},
      adsnote = {Provided by the SAO/NASA Astrophysics Data System}
}


@article{gnedin2012cooling,
       author = {{Gnedin}, Nickolay Y. and {Hollon}, Nicholas},
        title = "{Cooling and Heating Functions of Photoionized Gas}",
      journal = {The Astrophysical Journal},
     keywords = {methods: numerical, Astrophysics - Cosmology and Nongalactic Astrophysics, Astrophysics - Astrophysics of Galaxies},
         year = 2012,
        month = oct,
       volume = {202},
       number = {2},
          eid = {13},
        pages = {13},
          doi = {10.1088/0067-0049/202/2/13},
archivePrefix = {arXiv},
       eprint = {1201.5116},
 primaryClass = {astro-ph.CO},
       adsurl = {https://ui.adsabs.harvard.edu/abs/2012ApJS..202...13G},
      adsnote = {Provided by the SAO/NASA Astrophysics Data System}
}


@article{behroozi2013average,
  title={The average star formation histories of galaxies in dark matter halos from z= 0-8},
  author={Behroozi, Peter S and Wechsler, Risa H and Conroy, Charlie},
  journal={The Astrophysical Journal},
  volume={770},
  number={1},
  pages={57},
  year={2013},
  publisher={IOP Publishing}
}


@article{heckman2015systematic,
  title={The systematic properties of the warm phase of starburst-driven galactic winds},
  author={Heckman, Timothy M and Alexandroff, Rachel M and Borthakur, Sanchayeeta and Overzier, Roderik and Leitherer, Claus},
  journal={The Astrophysical Journal},
  volume={809},
  number={2},
  pages={147},
  year={2015},
  publisher={IOP Publishing}
}


@article{haardt2012radiative,
  title={Radiative transfer in a clumpy universe. IV. New synthesis models of the cosmic UV/x-ray background},
  author={Haardt, Francesco and Madau, Piero},
  journal={The Astrophysical Journal},
  volume={746},
  number={2},
  pages={125},
  year={2012},
  publisher={IOP Publishing}
}

@ARTICLE{leitherer1999,
   author = {{Leitherer}, C. and {Schaerer}, D. and {Goldader}, J.~D. and 
	{Gonz{\'a}lez Delgado}, R.~M. and {Robert}, C. and {Kune}, D.~F. and 
	{de Mello}, D.~F. and {Devost}, D. and {Heckman}, T.~M.},
    title = "{Starburst99: Synthesis Models for Galaxies with Active Star Formation}",
  journal = {APJS},
   eprint = {arXiv:astro-ph/9902334},
 keywords = {GALAXIES: EVOLUTION, GALAXIES: FUNDAMENTAL PARAMETERS, GALAXIES: STARBURST, GALAXIES: STELLAR CONTENT, METHODS: NUMERICAL},
     year = 1999,
    month = jul,
   volume = 123,
    pages = {3-40},
      doi = {10.1086/313233},
   adsurl = {http://adsabs.harvard.edu/abs/1999ApJS..123....3L},
  adsnote = {Provided by the SAO/NASA Astrophysics Data System}
}


@PROCEEDINGS{longair_book,
        title = "{Galaxy formation}",
    booktitle = {Galaxy formation / Malcolm S. Longair. New York : Springer},
         year = 1998,
        month = jan,
       adsurl = {https://ui.adsabs.harvard.edu/abs/1998gafo.conf.....L},
      adsnote = {Provided by the SAO/NASA Astrophysics Data System}
}

@article{2016planck,
  title={Planck 2015 results-xiii. cosmological parameters},
  author={Ade, Peter AR and Aghanim, N and Arnaud, M and Ashdown, Mark and Aumont, J and Baccigalupi, C and Banday, AJ and Barreiro, RB and Bartlett, JG and Bartolo, N and others},
  journal={Astronomy \& Astrophysics},
  volume={594},
  pages={A13},
  year={2016},
  publisher={EDP sciences}
}


@article{chisari2011connection,
  title={Connection between Newtonian simulations and general relativity},
  author={Chisari, Nora Elisa and Zaldarriaga, Matias},
  journal={Physical Review D},
  volume={83},
  number={12},
  pages={123505},
  year={2011},
  publisher={APS}
}


@BOOK{padmanabhan_book,
       author = {{Padmanabhan}, T.},
        title = "{Structure Formation in the Universe}",
         year = 1993,
       adsurl = {https://ui.adsabs.harvard.edu/abs/1993sfu..book.....P},
      adsnote = {Provided by the SAO/NASA Astrophysics Data System}
}


@ARTICLE{penzias_wilson_cmb,
       author = {{Penzias}, A.~A. and {Wilson}, R.~W.},
        title = "{A Measurement of Excess Antenna Temperature at 4080 Mc/s.}",
      journal = {The Astrophysical Journal},
     keywords = {Microwave Background, Cosmic Background Radiation},
         year = 1965,
        month = jul,
       volume = {142},
        pages = {419-421},
          doi = {10.1086/148307},
       adsurl = {https://ui.adsabs.harvard.edu/abs/1965ApJ...142..419P},
      adsnote = {Provided by the SAO/NASA Astrophysics Data System}
}


@article{tulin2018dark,
  title={Dark matter self-interactions and small scale structure},
  author={Tulin, Sean and Yu, Hai-Bo},
  journal={Physics Reports},
  volume={730},
  pages={1--57},
  year={2018},
  publisher={Elsevier}
}


@ARTICLE{colossus2016,
       author = {{Diemer}, Benedikt},
        title = "{COLOSSUS: A Python Toolkit for Cosmology, Large-scale Structure, and Dark Matter Halos}",
      journal = {The Astrophysical Journal},
     keywords = {cosmology: theory, methods: numerical, Astrophysics - Cosmology and Nongalactic Astrophysics, Astrophysics - Instrumentation and Methods for Astrophysics},
         year = 2018,
        month = dec,
       volume = {239},
       number = {2},
          eid = {35},
        pages = {35},
          doi = {10.3847/1538-4365/aaee8c},
archivePrefix = {arXiv},
       eprint = {1712.04512},
 primaryClass = {astro-ph.CO},
       adsurl = {https://ui.adsabs.harvard.edu/abs/2018ApJS..239...35D},
      adsnote = {Provided by the SAO/NASA Astrophysics Data System}
}


@article{bryan1998statistical,
  title={Statistical properties of x-ray clusters: Analytic and numerical comparisons},
  author={Bryan, Greg L and Norman, Michael L},
  journal={The Astrophysical Journal},
  volume={495},
  number={1},
  pages={80},
  year={1998},
  publisher={IOP Publishing}
}


@ARTICLE{press_schechter,
       author = {{Press}, William H. and {Schechter}, Paul},
        title = "{Formation of Galaxies and Clusters of Galaxies by Self-Similar Gravitational Condensation}",
      journal = {The Astrophysical Journal},
         year = 1974,
        month = feb,
       volume = {187},
        pages = {425-438},
          doi = {10.1086/152650},
       adsurl = {https://ui.adsabs.harvard.edu/abs/1974ApJ...187..425P},
      adsnote = {Provided by the SAO/NASA Astrophysics Data System}
}


@article{sheth1999large,
  title={Large-scale bias and the peak background split},
  author={Sheth, Ravi K and Tormen, Giuseppe},
  journal={Monthly Notices of the Royal Astronomical Society},
  volume={308},
  number={1},
  pages={119--126},
  year={1999},
  publisher={The Royal Astronomical Society}
}


@ARTICLE{excursion_set_theory,
       author = {{Zentner}, Andrew R.},
        title = "{The Excursion Set Theory of Halo Mass Functions, Halo Clustering, and Halo Growth}",
      journal = {International Journal of Modern Physics D},
     keywords = {Dark matter, large-scale structure of the universe, galaxy formation, statistics, Astrophysics},
         year = 2007,
        month = jan,
       volume = {16},
       number = {5},
        pages = {763-815},
          doi = {10.1142/S0218271807010511},
archivePrefix = {arXiv},
       eprint = {astro-ph/0611454},
 primaryClass = {astro-ph},
       adsurl = {https://ui.adsabs.harvard.edu/abs/2007IJMPD..16..763Z},
      adsnote = {Provided by the SAO/NASA Astrophysics Data System}
}


@article{schaye2015eagle,
  title={The EAGLE project: simulating the evolution and assembly of galaxies and their environments},
  author={Schaye, Joop and Crain, Robert A and Bower, Richard G and Furlong, Michelle and Schaller, Matthieu and Theuns, Tom and Dalla Vecchia, Claudio and Frenk, Carlos S and McCarthy, IG and Helly, John C and others},
  journal={Monthly Notices of the Royal Astronomical Society},
  volume={446},
  number={1},
  pages={521--554},
  year={2015},
  publisher={Oxford University Press}
}


@ARTICLE{NFW_profile,
       author = {{Navarro}, Julio F. and {Frenk}, Carlos S. and {White}, Simon D.~M.},
        title = "{A Universal Density Profile from Hierarchical Clustering}",
      journal = {The Astrophysical Journal},
     keywords = {Cosmology: Theory, Cosmology: Dark Matter, Galaxies: Halos, Methods: Numerical, Astrophysics},
         year = 1997,
        month = dec,
       volume = {490},
       number = {2},
        pages = {493-508},
          doi = {10.1086/304888},
archivePrefix = {arXiv},
       eprint = {astro-ph/9611107},
 primaryClass = {astro-ph},
       adsurl = {https://ui.adsabs.harvard.edu/abs/1997ApJ...490..493N},
      adsnote = {Provided by the SAO/NASA Astrophysics Data System}
}


@ARTICLE{NFW_profile_2,
       author = {{Navarro}, Julio F. and {Frenk}, Carlos S. and {White}, Simon D.~M.},
        title = "{The Structure of Cold Dark Matter Halos}",
      journal = {The Astrophysical Journal},
     keywords = {COSMOLOGY: THEORY, COSMOLOGY: DARK MATTER, GALAXIES: HALOS, METHODS: NUMERICAL, Astrophysics},
         year = 1996,
        month = may,
       volume = {462},
        pages = {563},
          doi = {10.1086/177173},
archivePrefix = {arXiv},
       eprint = {astro-ph/9508025},
 primaryClass = {astro-ph},
       adsurl = {https://ui.adsabs.harvard.edu/abs/1996ApJ...462..563N},
      adsnote = {Provided by the SAO/NASA Astrophysics Data System}
}


@article{dutton2014cold,
  title={Cold dark matter haloes in the Planck era: evolution of structural parameters for Einasto and NFW profiles},
  author={Dutton, Aaron A and Maccio, Andrea V},
  journal={Monthly Notices of the Royal Astronomical Society},
  volume={441},
  number={4},
  pages={3359--3374},
  year={2014},
  publisher={Oxford University Press}
}


@article{barkana2005probing,
  title={Probing the epoch of early baryonic infall through 21-cm fluctuations},
  author={Barkana, Rennan and Loeb, Abraham},
  journal={Monthly Notices of the Royal Astronomical Society: Letters},
  volume={363},
  number={1},
  pages={L36--L40},
  year={2005},
  publisher={Blackwell Science Ltd Oxford, UK}
}


@article{somerville2015physical,
  title={Physical models of galaxy formation in a cosmological framework},
  author={Somerville, Rachel S and Dav{\'e}, Romeel},
  journal={Annual Review of Astronomy and Astrophysics},
  volume={53},
  pages={51--113},
  year={2015},
  publisher={Annual Reviews}
}



@article{wechsler2018connection,
  title={The connection between galaxies and their dark matter halos},
  author={Wechsler, Risa H and Tinker, Jeremy L},
  journal={Annual Review of Astronomy and Astrophysics},
  volume={56},
  pages={435--487},
  year={2018},
  publisher={Annual Reviews}
}


@article{pandya2021characterizing,
  title={Characterizing mass, momentum, energy and metal outflow rates of multi-phase galactic winds in the FIRE-2 cosmological simulations},
  author={Pandya, Viraj and Fielding, Drummond and Angl{\'e}s-Alc{\'a}zar, Daniel and Somerville, Rachel S and Bryan, Greg L and Hayward, Christopher C and Stern, Jonathan and Kim, Chang-Goo and Quataert, Eliot and Forbes, John C and others},
  journal={arXiv preprint arXiv:2103.06891},
  year={2021}
}


@ARTICLE{draine_bertoldi,
       author = {{Draine}, B.~T. and {Bertoldi}, Frank},
        title = "{Structure of Stationary Photodissociation Fronts}",
      journal = {The Astrophysical Journal},
     keywords = {INFRARED: ISM: LINES AND BANDS, ISM: REFLECTION NEBULAE, MOLECULAR PROCESSES, RADIATIVE TRANSFER, ULTRAVIOLET: ISM, Astrophysics},
         year = 1996,
        month = sep,
       volume = {468},
        pages = {269},
          doi = {10.1086/177689},
archivePrefix = {arXiv},
       eprint = {astro-ph/9603032},
 primaryClass = {astro-ph},
       adsurl = {https://ui.adsabs.harvard.edu/abs/1996ApJ...468..269D},
      adsnote = {Provided by the SAO/NASA Astrophysics Data System}
}


@article{rydberg2013detection,
  title={Detection of isolated population III stars with the James Webb Space Telescope},
  author={Rydberg, Claes-Erik and Zackrisson, Erik and Lundqvist, Peter and Scott, Pat},
  journal={Monthly Notices of the Royal Astronomical Society},
  volume={429},
  number={4},
  pages={3658--3664},
  year={2013},
  publisher={Oxford University Press}
}


@article{haemmerle2020formation,
  title={Formation of the first stars and black holes},
  author={Haemmerl{\'e}, Lionel and Mayer, Lucio and Klessen, Ralf S and Hosokawa, Takashi and Madau, Piero and Bromm, Volker},
  journal={Space Science Reviews},
  volume={216},
  number={4},
  pages={1--36},
  year={2020},
  publisher={Springer}
}


@article{kerevs2005galaxies,
  title={How do galaxies get their gas?},
  author={Kere{\v{s}}, Du{\v{s}}an and Katz, Neal and Weinberg, David H and Dav{\'e}, Romeel},
  journal={Monthly Notices of the Royal Astronomical Society},
  volume={363},
  number={1},
  pages={2--28},
  year={2005},
  publisher={Blackwell Science Ltd Oxford, UK}
}


@ARTICLE{conselice_mergers,
       author = {{Conselice}, Christopher J.},
        title = "{The Evolution of Galaxy Structure Over Cosmic Time}",
      journal = {Annual Review of Astronomy and Astrophysics},
     keywords = {Astrophysics - Astrophysics of Galaxies, Astrophysics - Cosmology and Nongalactic Astrophysics},
         year = 2014,
        month = aug,
       volume = {52},
        pages = {291-337},
          doi = {10.1146/annurev-astro-081913-040037},
archivePrefix = {arXiv},
       eprint = {1403.2783},
 primaryClass = {astro-ph.GA},
       adsurl = {https://ui.adsabs.harvard.edu/abs/2014ARA&A..52..291C},
      adsnote = {Provided by the SAO/NASA Astrophysics Data System}
}



@article{ostriker_supernovae,
  title = {Astrophysical blastwaves},
  author = {Ostriker, Jeremiah P. and McKee, Christopher F.},
  journal = {Rev. Mod. Phys.},
  volume = {60},
  issue = {1},
  pages = {1--68},
  numpages = {0},
  year = {1988},
  month = {Jan},
  publisher = {American Physical Society},
  doi = {10.1103/RevModPhys.60.1},
  url = {https://link.aps.org/doi/10.1103/RevModPhys.60.1}
}




@article{bromm2001fragmentation,
  title={The fragmentation of pre-enriched primordial objects},
  author={Bromm, V and Ferrara, A and Coppi, PS and Larson, RB},
  journal={Monthly Notices of the Royal Astronomical Society},
  volume={328},
  number={3},
  pages={969--976},
  year={2001},
  publisher={Blackwell Science Ltd Oxford, UK}
}


@article{karlsson2008uncovering,
  title={Uncovering the chemical signature of the first stars in the universe},
  author={Karlsson, Torgny and Johnson, Jarrett L and Bromm, Volker},
  journal={The Astrophysical Journal},
  volume={679},
  number={1},
  pages={6},
  year={2008},
  publisher={IOP Publishing}
}


@article{silk2009global,
  title={Global star formation revisited},
  author={Silk, Joseph and Norman, Colin},
  journal={The Astrophysical Journal},
  volume={700},
  number={1},
  pages={262},
  year={2009},
  publisher={IOP Publishing}
}


@article{ishibashi2012active,
  title={Active galactic nucleus feedback and triggering of star formation in galaxies},
  author={Ishibashi, W and Fabian, AC},
  journal={Monthly Notices of the Royal Astronomical Society},
  volume={427},
  number={4},
  pages={2998--3005},
  year={2012},
  publisher={Blackwell Science Ltd Oxford, UK}
}


@article{kormendy2013coevolution,
  title={Coevolution (or not) of supermassive black holes and host galaxies},
  author={Kormendy, John and Ho, Luis C},
  journal={Annual Review of Astronomy and Astrophysics},
  volume={51},
  pages={511--653},
  year={2013},
  publisher={Annual Reviews}
}


@ARTICLE{fabian2012agn,
       author = {{Fabian}, A.~C.},
        title = "{Observational Evidence of Active Galactic Nuclei Feedback}",
      journal = {Annual Review of Astronomy and Astrophysics},
     keywords = {Astrophysics - Cosmology and Nongalactic Astrophysics, Astrophysics - High Energy Astrophysical Phenomena},
         year = 2012,
        month = sep,
       volume = {50},
        pages = {455-489},
          doi = {10.1146/annurev-astro-081811-125521},
archivePrefix = {arXiv},
       eprint = {1204.4114},
 primaryClass = {astro-ph.CO},
       adsurl = {https://ui.adsabs.harvard.edu/abs/2012ARA&A..50..455F},
      adsnote = {Provided by the SAO/NASA Astrophysics Data System}
}



@ARTICLE{parker_wind,
       author = {{Parker}, E.~N.},
        title = "{Dynamics of the Interplanetary Gas and Magnetic Fields.}",
      journal = {The Astrophysical Journal},
         year = 1958,
        month = nov,
       volume = {128},
        pages = {664},
          doi = {10.1086/146579},
       adsurl = {https://ui.adsabs.harvard.edu/abs/1958ApJ...128..664P},
      adsnote = {Provided by the SAO/NASA Astrophysics Data System}
}


@ARTICLE{lynds_m82,
       author = {{Lynds}, C.~R. and {Sandage}, A.~R.},
        title = "{Evidence for an Explosion in the Center of the Galaxy M82.}",
      journal = {The Astrophysical Journal},
         year = 1963,
        month = may,
       volume = {137},
        pages = {1005},
          doi = {10.1086/147579},
       adsurl = {https://ui.adsabs.harvard.edu/abs/1963ApJ...137.1005L},
      adsnote = {Provided by the SAO/NASA Astrophysics Data System}
}


@ARTICLE{stellar_winds_holzer,
       author = {{Holzer}, T.~E. and {Axford}, W.~I.},
        title = "{The Theory of Stellar Winds and Related Flows}",
      journal = {Annual Review of Astronomy and Astrophysics},
         year = 1970,
        month = jan,
       volume = {8},
        pages = {31},
          doi = {10.1146/annurev.aa.08.090170.000335},
       adsurl = {https://ui.adsabs.harvard.edu/abs/1970ARA&A...8...31H},
      adsnote = {Provided by the SAO/NASA Astrophysics Data System}
}


@ARTICLE{osterbrock_1960,
       author = {{Osterbrock}, Donald E.},
        title = "{Interstellar Matter in Elliptical Galaxies. II.}",
      journal = {The Astrophysical Journal},
         year = 1960,
        month = sep,
       volume = {132},
        pages = {325},
          doi = {10.1086/146930},
       adsurl = {https://ui.adsabs.harvard.edu/abs/1960ApJ...132..325O},
      adsnote = {Provided by the SAO/NASA Astrophysics Data System}
}

@article{burke_1968,
    author = {Burke, J. Anthony},
    title = "{Mass Flow from Stellar Systems—I: Radial Flow from Spherical Systems}",
    journal = {Monthly Notices of the Royal Astronomical Society},
    volume = {140},
    number = {2},
    pages = {241-254},
    year = {1968},
    month = {05},
    issn = {0035-8711},
    doi = {10.1093/mnras/140.2.241},
    url = {https://doi.org/10.1093/mnras/140.2.241},
    eprint = {https://academic.oup.com/mnras/article-pdf/140/2/241/8075501/mnras140-0241.pdf},
}



@article{zhang2018review,
  title={A Review of the Theory of Galactic Winds Driven by Stellar Feedback},
  author={Zhang, Dong},
  journal={Galaxies},
  volume={6},
  number={4},
  pages={114},
  year={2018},
  publisher={Multidisciplinary Digital Publishing Institute}
}

@article{rupke2018review,
  title={A review of recent observations of galactic winds driven by star formation},
  author={Rupke, David SN},
  journal={Galaxies},
  volume={6},
  number={4},
  pages={138},
  year={2018},
  publisher={Multidisciplinary Digital Publishing Institute}
}


@ARTICLE{silk_rees_agn,
       author = {{Silk}, Joseph and {Rees}, Martin J.},
        title = "{Quasars and galaxy formation}",
      journal = {Astronomy and Astrophysics},
     keywords = {GALAXY FORMATION: SUPERMASSIVE BLACK HOLES, QUASARS: OUTFLOWS, Astrophysics},
         year = 1998,
        month = mar,
       volume = {331},
        pages = {L1-L4},
archivePrefix = {arXiv},
       eprint = {astro-ph/9801013},
 primaryClass = {astro-ph},
       adsurl = {https://ui.adsabs.harvard.edu/abs/1998A&A...331L...1S},
      adsnote = {Provided by the SAO/NASA Astrophysics Data System}
}

@article{kraemer2018physical,
  title={Physical conditions in ultra-fast outflows in AGN},
  author={Kraemer, SB and Tombesi, F and Bottorff, MC},
  journal={The Astrophysical Journal},
  volume={852},
  number={1},
  pages={35},
  year={2018},
  publisher={IOP Publishing}
}


@article{cicone2018largely,
  title={The largely unconstrained multiphase nature of outflows in AGN host galaxies},
  author={Cicone, Claudia and Brusa, Marcella and Almeida, Cristina Ramos and Cresci, Giovanni and Husemann, Bernd and Mainieri, Vincenzo},
  journal={Nature Astronomy},
  volume={2},
  number={3},
  pages={176--178},
  year={2018},
  publisher={Nature Publishing Group}
}

@article{carniani2015ionised,
  title={Ionised outflows in z\~{} 2.4 quasar host galaxies},
  author={Carniani, Stefano and Marconi, Alessandro and Maiolino, Roberto and Balmaverde, Barbara and Brusa, Marcella and Cano-D{\'\i}az, Mariana and Cicone, Claudia and Comastri, Andrea and Cresci, Giovanni and Fiore, Fabrizio and others},
  journal={Astronomy \& Astrophysics},
  volume={580},
  pages={A102},
  year={2015},
  publisher={EDP Sciences}
}

@article{maiolino2012evidence,
  title={Evidence of strong quasar feedback in the early Universe},
  author={Maiolino, R and Gallerani, S and Neri, R and Cicone, C and Ferrara, A and Genzel, R and Lutz, D and Sturm, E and Tacconi, LJ and Walter, F and others},
  journal={Monthly Notices of the Royal Astronomical Society: Letters},
  volume={425},
  number={1},
  pages={L66--L70},
  year={2012},
  publisher={The Royal Astronomical Society}
}

@article{feruglio2010quasar,
  title={Quasar feedback revealed by giant molecular outflows},
  author={Feruglio, Chiara and Maiolino, Roberto and Piconcelli, Enrico and Menci, Nicola and Aussel, Herve' and Lamastra, Alessandra and Fiore, Fabrizio},
  journal={Astronomy \& Astrophysics},
  volume={518},
  pages={L155},
  year={2010},
  publisher={EDP Sciences}
}


@article{Strickland:2000jg,
    author = "Strickland, D. K. and Stevens, I. R.",
    title = "{Starburst-driven galactic winds: I. energetics and intrinsic x-ray emission}",
    eprint = "astro-ph/0001395",
    archivePrefix = "arXiv",
    doi = "10.1046/j.1365-8711.2000.03391.x",
    journal = "Mon. Not. Roy. Astron. Soc.",
    volume = "314",
    pages = "511--545",
    year = "2000"
}

@article{zhang2014hot,
  title={Hot galactic winds constrained by the X-ray luminosities of galaxies},
  author={Zhang, Dong and Thompson, Todd A and Murray, Norman and Quataert, Eliot},
  journal={The Astrophysical Journal},
  volume={784},
  number={2},
  pages={93},
  year={2014},
  publisher={IOP Publishing}
}


@article{strickland2000starburst,
  title={Starburst-driven galactic winds—I. Energetics and intrinsic X-ray emission},
  author={Strickland, David K and Stevens, Ian R},
  journal={Monthly Notices of the Royal Astronomical Society},
  volume={314},
  number={3},
  pages={511--545},
  year={2000},
  publisher={Blackwell Science Ltd Oxford, UK}
}


@article{bustard2016versatile,
  title={A Versatile Family of Galactic Wind Models},
  author={Bustard, Chad and Zweibel, Ellen G and D’Onghia, Elena},
  journal={The Astrophysical Journal},
  volume={819},
  number={1},
  pages={29},
  year={2016},
  publisher={IOP Publishing}
}

@article{cooper2009starburst,
  title={Starburst-driven galactic winds: filament formation and emission processes},
  author={Cooper, Jackie L and Bicknell, Geoffrey V and Sutherland, Ralph S and Bland-Hawthorn, Joss},
  journal={The Astrophysical Journal},
  volume={703},
  number={1},
  pages={330},
  year={2009},
  publisher={IOP Publishing}
}

@article{tenorio2007hydrodynamics,
  title={Hydrodynamics of the matter reinserted within super stellar clusters},
  author={Tenorio-Tagle, Guillermo and W{\"u}nsch, Richard and Silich, Sergiy and Palou{\v{s}}, Jan},
  journal={The Astrophysical Journal},
  volume={658},
  number={2},
  pages={1196},
  year={2007},
  publisher={IOP Publishing}
}

@article{tenorio2003supergalactic,
  title={Supergalactic winds driven by multiple super-star clusters},
  author={Tenorio-Tagle, Guillermo and Silich, Sergiy and Munoz-Tun{\'o}n, Casiana},
  journal={The Astrophysical Journal},
  volume={597},
  number={1},
  pages={279},
  year={2003},
  publisher={IOP Publishing}
}


@ARTICLE{danehkar_2021,
       author = {{Danehkar}, Ashkbiz and {Oey}, M.~S. and {Gray}, William J.},
        title = "{Catastrophic Cooling in Superwinds. II. Exploring the Parameter Space}",
      journal = {arXiv e-prints},
     keywords = {Astrophysics - Astrophysics of Galaxies},
         year = 2021,
        month = jun,
          eid = {arXiv:2106.10854},
        pages = {arXiv:2106.10854},
archivePrefix = {arXiv},
       eprint = {2106.10854},
 primaryClass = {astro-ph.GA},
       adsurl = {https://ui.adsabs.harvard.edu/abs/2021arXiv210610854D},
      adsnote = {Provided by the SAO/NASA Astrophysics Data System}
}



@ARTICLE{mac_low_cooling,
       author = {{Mac Low}, Mordecai-Mark and {McCray}, Richard},
        title = "{Superbubbles in Disk Galaxies}",
      journal = {The Astrophysical Journal},
     keywords = {Disk Galaxies, Interstellar Gas, Star Clusters, Supernova Remnants, Supernovae, B Stars, Galactic Structure, Luminosity, O Stars, Astrophysics, HYDRODYNAMICS, INTERSTELLAR: MATTER, NEBULAE: SUPERNOVA REMNANTS, STARS: SUPERNOVAE},
         year = 1988,
        month = jan,
       volume = {324},
        pages = {776},
          doi = {10.1086/165936},
       adsurl = {https://ui.adsabs.harvard.edu/abs/1988ApJ...324..776M},
      adsnote = {Provided by the SAO/NASA Astrophysics Data System}
}


@ARTICLE{McCourt:2015,
       author = {{McCourt}, Michael and {Oh}, S. Peng and {O'Leary}, Ryan and
         {Madigan}, Ann-Marie},
        title = "{A characteristic scale for cold gas}",
      journal = {Monthly Notices of the Royal Astronomical Society},
     keywords = {MHD, plasmas, ISM: clouds, Galaxy: centre, Galaxy: halo, Astrophysics - Astrophysics of Galaxies},
         year = 2018,
        month = feb,
       volume = {473},
       number = {4},
        pages = {5407-5431},
          doi = {10.1093/mnras/stx2687},
archivePrefix = {arXiv},
       eprint = {1610.01164},
 primaryClass = {astro-ph.GA},
       adsurl = {https://ui.adsabs.harvard.edu/abs/2018MNRAS.473.5407M},
      adsnote = {Provided by the SAO/NASA Astrophysics Data System}
}


@article{schneider2017hydrodynamical,
  title={Hydrodynamical coupling of mass and momentum in multiphase galactic winds},
  author={Schneider, Evan E and Robertson, Brant E},
  journal={The Astrophysical Journal},
  volume={834},
  number={2},
  pages={144},
  year={2017},
  publisher={IOP Publishing}
}


@article{scannapieco2015launching,
  title={The launching of cold clouds by galaxy outflows. I. Hydrodynamic interactions with radiative cooling},
  author={Scannapieco, Evan and Br{\"u}ggen, Marcus},
  journal={The Astrophysical Journal},
  volume={805},
  number={2},
  pages={158},
  year={2015},
  publisher={IOP Publishing}
}

@ARTICLE{klein_1994,
       author = {{Klein}, Richard I. and {McKee}, Christopher F. and {Colella}, Philip},
        title = "{On the Hydrodynamic Interaction of Shock Waves with Interstellar Clouds. I. Nonradiative Shocks in Small Clouds}",
      journal = {The Astrophysical Journal},
     keywords = {Interstellar Matter, Molecular Clouds, Shock Wave Interaction, Supernova Remnants, Computational Grids, Gas Dynamics, Hydrodynamics, Mach Number, Wave Propagation, Astrophysics, HYDRODYNAMICS, ISM: CLOUDS, ISM: SUPERNOVA REMNANTS, SHOCK WAVES},
         year = 1994,
        month = jan,
       volume = {420},
        pages = {213},
          doi = {10.1086/173554},
       adsurl = {https://ui.adsabs.harvard.edu/abs/1994ApJ...420..213K},
      adsnote = {Provided by the SAO/NASA Astrophysics Data System}
}

@article{bruggen2016launching,
  title={The launching of cold clouds by galaxy outflows. II. The role of thermal conduction},
  author={Br{\"u}ggen, Marcus and Scannapieco, Evan},
  journal={The Astrophysical Journal},
  volume={822},
  number={1},
  pages={31},
  year={2016},
  publisher={IOP Publishing}
}

@article{mccourt2015magnetized,
  title={Magnetized gas clouds can survive acceleration by a hot wind},
  author={McCourt, Michael and O'Leary, Ryan M and Madigan, Ann-Marie and Quataert, Eliot},
  journal={Monthly Notices of the Royal Astronomical Society},
  volume={449},
  number={1},
  pages={2--7},
  year={2015},
  publisher={Oxford University Press}
}


@article{lochhaas2021characteristic,
  title={The characteristic momentum of radiatively cooling energy-driven galactic winds},
  author={Lochhaas, Cassandra and Thompson, Todd A and Schneider, Evan E},
  journal={Monthly Notices of the Royal Astronomical Society},
  volume={504},
  number={3},
  pages={3412--3423},
  year={2021},
  publisher={Oxford University Press}
}

@article{zhang2021empirical,
  title={An Empirical Determination of the Dependence of the Circumgalactic Mass Cooling Rate and Feedback Mass Loading Factor on Galactic Stellar Mass},
  author={Zhang, Huanian and Zaritsky, Dennis and Olsen, Karen Pardos and Behroozi, Peter and Werk, Jessica and Kennicutt, Robert and Xie, Lizhi and Yang, Xiaohu and Fang, Taotao and De Lucia, Gabriella and others},
  journal={arXiv preprint arXiv:2104.12777},
  year={2021}
}


@article{mitchell2020galactic,
  title={Galactic inflow and wind recycling rates in the EAGLE simulations},
  author={Mitchell, Peter D and Schaye, Joop and Bower, Richard G},
  journal={Monthly Notices of the Royal Astronomical Society},
  volume={497},
  number={4},
  pages={4495--4516},
  year={2020},
  publisher={Oxford University Press}
}


@article{fluetsch2019cold,
  title={Cold molecular outflows in the local Universe and their feedback effect on galaxies},
  author={Fluetsch, A and Maiolino, Roberto and Carniani, Stefano and Marconi, Alessandro and Cicone, CLAUDIA and Bourne, MA and Costa, T and Fabian, AC and Ishibashi, W and Venturi, G},
  journal={Monthly Notices of the Royal Astronomical Society},
  volume={483},
  number={4},
  pages={4586--4614},
  year={2019},
  publisher={Oxford University Press}
}


@ARTICLE{oppenheimer2006,
   author = {{Oppenheimer}, B.~D. and {Dav{\'e}}, R.},
    title = "{Cosmological simulations of intergalactic medium enrichment from galactic outflows}",
  journal = {Monthly Notices of the Royal Astronomical Society},
   eprint = {astro-ph/0605651},
 keywords = {methods: numerical, galaxies: formation, galaxies: high-redshift, intergalactic medium, cosmology: theory},
     year = 2006,
    month = dec,
   volume = 373,
    pages = {1265-1292},
      doi = {10.1111/j.1365-2966.2006.10989.x},
   adsurl = {http://adsabs.harvard.edu/abs/2006MNRAS.373.1265O},
  adsnote = {Provided by the SAO/NASA Astrophysics Data System}
}


@article{menard2010measuring,
  title={Measuring the galaxy--mass and galaxy--dust correlations through magnification and reddening},
  author={M{\'e}nard, Brice and Scranton, Ryan and Fukugita, Masataka and Richards, Gordon},
  journal={Monthly Notices of the Royal Astronomical Society},
  volume={405},
  number={2},
  pages={1025--1039},
  year={2010},
  publisher={Blackwell Publishing Ltd Oxford, UK}
}

@article{mutch2013simplest,
  title={The simplest model of galaxy formation--I. A formation history model of galaxy stellar mass growth},
  author={Mutch, Simon J and Croton, Darren J and Poole, Gregory B},
  journal={Monthly Notices of the Royal Astronomical Society},
  volume={435},
  number={3},
  pages={2445--2459},
  year={2013},
  publisher={Oxford University Press}
}


@article{bell2003optical,
  title={The optical and near-infrared properties of galaxies. I. Luminosity and stellar mass functions},
  author={Bell, Eric F and McIntosh, Daniel H and Katz, Neal and Weinberg, Martin D},
  journal={The Astrophysical Journal Supplement Series},
  volume={149},
  number={2},
  pages={289},
  year={2003},
  publisher={IOP Publishing}
}


@article{fielding2017impact,
  title={The impact of star formation feedback on the circumgalactic medium},
  author={Fielding, Drummond and Quataert, Eliot and McCourt, Michael and Thompson, Todd A},
  journal={Monthly Notices of the Royal Astronomical Society},
  volume={466},
  number={4},
  pages={3810--3826},
  year={2017},
  publisher={Oxford University Press}
}


@ARTICLE{lehner2018,
       author = {{Lehner}, Nicolas and {Wotta}, Christopher B. and {Howk}, J. Christopher and {O'Meara}, John M. and {Oppenheimer}, Benjamin D. and {Cooksey}, Kathy L.},
        title = "{The COS CGM Compendium. I. Survey Design and Initial Results}",
      journal = {The Astrophysical Journal},
     keywords = {galaxies: abundances, galaxies: halos, quasars: absorption lines, Astrophysics - Astrophysics of Galaxies},
         year = 2018,
        month = oct,
       volume = {866},
       number = {1},
          eid = {33},
        pages = {33},
          doi = {10.3847/1538-4357/aadd03},
archivePrefix = {arXiv},
       eprint = {1808.05252},
 primaryClass = {astro-ph.GA},
       adsurl = {https://ui.adsabs.harvard.edu/abs/2018ApJ...866...33L},
      adsnote = {Provided by the SAO/NASA Astrophysics Data System}
}


@article{mccourt2012thermal,
  title={Thermal instability in gravitationally stratified plasmas: implications for multiphase structure in clusters and galaxy haloes},
  author={McCourt, Michael and Sharma, Prateek and Quataert, Eliot and Parrish, Ian J},
  journal={Monthly Notices of the Royal Astronomical Society},
  volume={419},
  number={4},
  pages={3319--3337},
  year={2012},
  publisher={Oxford University Press}
}


@article{rubin2014evidence,
  title={Evidence for Ubiquitous Collimated Galactic-scale Outflows along the Star-forming Sequence at z~ 0.5},
  author={Rubin, Kate HR and Prochaska, J Xavier and Koo, David C and Phillips, Andrew C and Martin, Crystal L and Winstrom, Lucas O},
  journal={The Astrophysical Journal},
  volume={794},
  number={2},
  pages={156},
  year={2014},
  publisher={IOP Publishing}
}


@article{ma2020no,
  title={No missing photons for reionization: moderate ionizing photon escape fractions from the FIRE-2 simulations},
  author={Ma, Xiangcheng and Quataert, Eliot and Wetzel, Andrew and Hopkins, Philip F and Faucher-Gigu{\`e}re, Claude-Andr{\'e} and Kere{\v{s}}, Du{\v{s}}an},
  journal={Monthly Notices of the Royal Astronomical Society},
  volume={498},
  number={2},
  pages={2001--2017},
  year={2020},
  publisher={Oxford University Press}
}



@article{wise2014birth,
  title={The birth of a galaxy--III. Propelling reionization with the faintest galaxies},
  author={Wise, John H and Demchenko, Vasiliy G and Halicek, Martin T and Norman, Michael L and Turk, Matthew J and Abel, Tom and Smith, Britton D},
  journal={Monthly Notices of the Royal Astronomical Society},
  volume={442},
  number={3},
  pages={2560--2579},
  year={2014},
  publisher={Oxford University Press}
}

@article{paardekooper2015first,
  title={The First Billion Years project: the escape fraction of ionizing photons in the epoch of reionization},
  author={Paardekooper, Jan-Pieter and Khochfar, Sadegh and Dalla Vecchia, Claudio},
  journal={Monthly Notices of the Royal Astronomical Society},
  volume={451},
  number={3},
  pages={2544--2563},
  year={2015},
  publisher={Oxford University Press}
}


@article{xu2016galaxy,
  title={Galaxy properties and UV escape fractions during the epoch of reionization: results from the renaissance simulations},
  author={Xu, Hao and Wise, John H and Norman, Michael L and Ahn, Kyungjin and O’Shea, Brian W},
  journal={The Astrophysical Journal},
  volume={833},
  number={1},
  pages={84},
  year={2016},
  publisher={IOP Publishing}
}

@ARTICLE{gong2012,
   author = {{Gong}, Y. and {Cooray}, A. and {Silva}, M. and {Santos}, M.~G. and 
	{Bock}, J. and {Bradford}, C.~M. and {Zemcov}, M.},
    title = "{Intensity Mapping of the [C II] Fine Structure Line during the Epoch of Reionization}",
  journal = {The Astrophysical Journal},
archivePrefix = "arXiv",
   eprint = {1107.3553},
 primaryClass = "astro-ph.CO",
 keywords = {cosmology: theory, diffuse radiation, intergalactic medium, large-scale structure of universe},
     year = 2012,
    month = jan,
   volume = 745,
      eid = {49},
    pages = {49},
      doi = {10.1088/0004-637X/745/1/49},
   adsurl = {http://adsabs.harvard.edu/abs/2012ApJ...745...49G},
  adsnote = {Provided by the SAO/NASA Astrophysics Data System}
}

@ARTICLE{willott2015,
   author = {{Willott}, C.~J. and {Carilli}, C.~L. and {Wagg}, J. and {Wang}, R.
	},
    title = "{Star formation and the interstellar medium in z>6 UV-luminous Lyman-break galaxies}",
  journal = {ArXiv e-prints:1504.05875},
archivePrefix = "arXiv",
   eprint = {1504.05875},
 keywords = {Astrophysics - Astrophysics of Galaxies},
     year = 2015,
    month = apr,
   adsurl = {http://adsabs.harvard.edu/abs/2015arXiv150405875W},
  adsnote = {Provided by the SAO/NASA Astrophysics Data System}
}


@ARTICLE{giacconi_field,
       author = {{Giacconi}, Riccardo and {Zirm}, Andrew and {Wang}, JunXian and {Rosati}, Piero and {Nonino}, Mario and {Tozzi}, Paolo and {Gilli}, Roberto and {Mainieri}, Vincenzo and {Hasinger}, Guenther and {Kewley}, Lisa and {Bergeron}, Jacqueline and {Borgani}, Stefano and {Gilmozzi}, Roberto and {Grogin}, Norman and {Koekemoer}, Anton and {Schreier}, Ethan and {Zheng}, Wei and {Norman}, Colin},
        title = "{Chandra Deep Field South: The 1 Ms Catalog}",
      journal = {The Astrophysical Journal},
     keywords = {Catalogs, Galaxies: Active, Galaxies: High-Redshift, X-Rays: Diffuse Background, X-Rays: Galaxies},
         year = 2002,
        month = apr,
       volume = {139},
       number = {2},
        pages = {369-410},
          doi = {10.1086/338927},
       adsurl = {https://ui.adsabs.harvard.edu/abs/2002ApJS..139..369G},
      adsnote = {Provided by the SAO/NASA Astrophysics Data System}
}

@ARTICLE{scoville2007field,
       author = {{Scoville}, N. and {Aussel}, H. and {Brusa}, M. and {Capak}, P. and {Carollo}, C.~M. and {Elvis}, M. and {Giavalisco}, M. and {Guzzo}, L. and {Hasinger}, G. and {Impey}, C. and {Kneib}, J. -P. and {LeFevre}, O. and {Lilly}, S.~J. and {Mobasher}, B. and {Renzini}, A. and {Rich}, R.~M. and {Sanders}, D.~B. and {Schinnerer}, E. and {Schminovich}, D. and {Shopbell}, P. and {Taniguchi}, Y. and {Tyson}, N.~D.},
        title = "{The Cosmic Evolution Survey (COSMOS): Overview}",
      journal = {The Astrophysical Journal},
     keywords = {Cosmology: Observations, Cosmology: Dark Matter, Galaxies: Evolution, Galaxies: Formation, Cosmology: Large-Scale Structure of Universe, Surveys, Astrophysics},
         year = 2007,
        month = sep,
       volume = {172},
       number = {1},
        pages = {1-8},
          doi = {10.1086/516585},
archivePrefix = {arXiv},
       eprint = {astro-ph/0612305},
 primaryClass = {astro-ph},
       adsurl = {https://ui.adsabs.harvard.edu/abs/2007ApJS..172....1S},
      adsnote = {Provided by the SAO/NASA Astrophysics Data System}
}



@BOOK{tielens2005book,
   author = {{Tielens}, A.~G.~G.~M.},
    title = "{The Physics and Chemistry of the Interstellar Medium}",
booktitle = {The Physics and Chemistry of the Interstellar Medium, by A.~G.~G.~M.~Tielens, pp.~.~ISBN 0521826349.~Cambridge, UK: Cambridge University Press,  2005.},
     year = 2005,
    month = aug,
   adsurl = {http://adsabs.harvard.edu/abs/2005pcim.book.....T},
  adsnote = {Provided by the SAO/NASA Astrophysics Data System}
}


@ARTICLE{dalgarno1972,
   author = {{Dalgarno}, A. and {McCray}, R.~A.},
    title = "{Heating and Ionization of HI Regions}",
  journal = {Annual Review of Astronomy and Astrophysics},
     year = 1972,
   volume = 10,
    pages = {375},
      doi = {10.1146/annurev.aa.10.090172.002111},
   adsurl = {http://adsabs.harvard.edu/abs/1972ARA%26A..10..375D},
  adsnote = {Provided by the SAO/NASA Astrophysics Data System}
}




@ARTICLE{salpeter1955,
   author = {{Salpeter}, E.~E.},
    title = "{The Luminosity Function and Stellar Evolution.}",
  journal = {The Astrophysical Journal},
     year = 1955,
    month = jan,
   volume = 121,
    pages = {161},
      doi = {10.1086/145971},
   adsurl = {http://adsabs.harvard.edu/abs/1955ApJ...121..161S},
  adsnote = {Provided by the SAO/NASA Astrophysics Data System}
}


@ARTICLE{schaerer1993,
   author = {{Schaerer}, D. and {Charbonnel}, C. and {Meynet}, G. and {Maeder}, A. and 
	{Schaller}, G.},
    title = "{Grids of Stellar Models - Part Four - from 0.8-SOLAR-MASS to 120-SOLAR-MASSES at Z=0.040}",
  journal = {Astronomy and Astrophysics Supplement Series},
 keywords = {stars: evolution, stars: Hertzsprung-Russell (HR) diagram},
     year = 1993,
    month = dec,
   volume = 102,
    pages = {339},
   adsurl = {https://ui.adsabs.harvard.edu/abs/1993A%26AS..102..339S},
  adsnote = {Provided by the SAO/NASA Astrophysics Data System}
}


@ARTICLE{haardt1996,
   author = {{Haardt}, F. and {Madau}, P.},
    title = "{Radiative Transfer in a Clumpy Universe. II. The Ultraviolet Extragalactic Background}",
  journal = {The Astrophysical Journal},
   eprint = {arXiv:astro-ph/9509093},
 keywords = {COSMOLOGY: THEORY, COSMOLOGY: DIFFUSE RADIATION, GALAXIES: INTERGALACTIC MEDIUM, GALAXIES: QUASARS: ABSORPTION LINES, RADIATIVE TRANSFER},
     year = 1996,
    month = apr,
   volume = 461,
    pages = {20},
      doi = {10.1086/177035},
   adsurl = {http://adsabs.harvard.edu/abs/1996ApJ...461...20H},
  adsnote = {Provided by the SAO/NASA Astrophysics Data System}
}


@article{anninos1997,
  title={Cosmological hydrodynamics with multi-species chemistry and nonequilibrium ionization and cooling},
  author={Anninos, Peter and Zhang, Yu and Abel, Tom and Norman, Michael L},
  journal={New Astronomy},
  volume={2},
  number={3},
  pages={209--224},
  year={1997},
  publisher={Elsevier}
}



@ARTICLE{Robertson15,
       author = {{Robertson}, Brant E. and {Ellis}, Richard S. and
         {Furlanetto}, Steven R. and {Dunlop}, James S.},
        title = "{Cosmic Reionization and Early Star-forming Galaxies: A Joint Analysis of New Constraints from Planck and the Hubble Space Telescope}",
      journal = {The Astrophysical Journal},
     keywords = {galaxies: high-redshift, Astrophysics - Cosmology and Nongalactic Astrophysics, Astrophysics - Astrophysics of Galaxies},
         year = "2015",
        month = "Apr",
       volume = {802},
       number = {2},
          eid = {L19},
        pages = {L19},
          doi = {10.1088/2041-8205/802/2/L19},
archivePrefix = {arXiv},
       eprint = {1502.02024},
 primaryClass = {astro-ph.CO},
       adsurl = {https://ui.adsabs.harvard.edu/abs/2015ApJ...802L..19R},
      adsnote = {Provided by the SAO/NASA Astrophysics Data System}
}



@ARTICLE{Mitra18,
       author = {{Mitra}, Sourav and {Choudhury}, T. Roy and {Ferrara}, Andrea},
        title = "{Cosmic reionization after Planck II: contribution from quasars}",
      journal = {Monthly Notices of the Royal Astronomical Society},
     keywords = {intergalactic medium, quasars: general, dark ages, reionization, first stars, large-scale structure of Universe, cosmology: theory, Astrophysics - Cosmology and Nongalactic Astrophysics},
         year = "2018",
        month = "Jan",
       volume = {473},
       number = {1},
        pages = {1416-1425},
          doi = {10.1093/mnras/stx2443},
archivePrefix = {arXiv},
       eprint = {1606.02719},
 primaryClass = {astro-ph.CO},
       adsurl = {https://ui.adsabs.harvard.edu/abs/2018MNRAS.473.1416M},
      adsnote = {Provided by the SAO/NASA Astrophysics Data System}
}



@ARTICLE{Mitra15,
       author = {{Mitra}, S. and {Choudhury}, T.~R. and {Ferrara}, A.},
        title = "{Cosmic reionization after Planck.}",
      journal = {Monthly Notices of the Royal Astronomical Society},
     keywords = {intergalactic medium, cosmology: theory, dark ages, reionization, first stars, large-scale structure of Universe, Astrophysics - Cosmology and Nongalactic Astrophysics},
         year = "2015",
        month = "Nov",
       volume = {454},
        pages = {L76-L80},
          doi = {10.1093/mnrasl/slv134},
archivePrefix = {arXiv},
       eprint = {1505.05507},
 primaryClass = {astro-ph.CO},
       adsurl = {https://ui.adsabs.harvard.edu/abs/2015MNRAS.454L..76M},
      adsnote = {Provided by the SAO/NASA Astrophysics Data System}
}




@ARTICLE{griffiths88,
       author = {{Griffiths}, S.~C. and {Hicks}, R.~B. and {Milone}, E.~F.},
        title = "{A re-examination of mass-luminosity relations from binary-star data}",
      journal = {Journal of the RAS of Canada},
     keywords = {Binary Stars, Computational Astrophysics, Mass To Light Ratios, Stellar Luminosity, Stellar Mass, Error Analysis, Goodness Of Fit, Least Squares Method, Main Sequence Stars, Pre-Main Sequence Stars, Robustness (Mathematics), Astrophysics},
         year = 1988,
        month = feb,
       volume = {82},
        pages = {1-12},
       adsurl = {https://ui.adsabs.harvard.edu/abs/1988JRASC..82....1G},
      adsnote = {Provided by the SAO/NASA Astrophysics Data System}
}



@ARTICLE{delucia2007,
       author = {{De Lucia}, Gabriella and {Blaizot}, J{\'e}r{\'e}my},
        title = "{The hierarchical formation of the brightest cluster galaxies}",
      journal = {Monthly Notices of the Royal Astronomical Society},
     keywords = {galaxies: elliptical and lenticular, cD, galaxies: evolution, galaxies: formation, galaxies: fundamental parameters, galaxies: stellar content, Astrophysics},
         year = 2007,
        month = feb,
       volume = {375},
       number = {1},
        pages = {2-14},
          doi = {10.1111/j.1365-2966.2006.11287.x},
archivePrefix = {arXiv},
       eprint = {astro-ph/0606519},
 primaryClass = {astro-ph},
       adsurl = {https://ui.adsabs.harvard.edu/abs/2007MNRAS.375....2D},
      adsnote = {Provided by the SAO/NASA Astrophysics Data System}
}


@ARTICLE{dressler1980,
       author = {{Dressler}, A.},
        title = "{Galaxy morphology in rich clusters: implications for the formation and evolution of galaxies.}",
      journal = {The Astrophysical Journal},
     keywords = {Elliptical Galaxies, Galactic Clusters, Galactic Evolution, Galactic Structure, Spiral Galaxies, Astronomical Maps, Density Distribution, Interstellar Gas, Telescopes, Universe, X Ray Astronomy, Astrophysics},
         year = 1980,
        month = mar,
       volume = {236},
        pages = {351-365},
          doi = {10.1086/157753},
       adsurl = {https://ui.adsabs.harvard.edu/abs/1980ApJ...236..351D},
      adsnote = {Provided by the SAO/NASA Astrophysics Data System}
}


@INBOOK{almeida2016,
       author = {{S{\'a}nchez Almeida}, Jorge},
        title = "{Gas Accretion and Star Formation Rates}",
     keywords = {Physics, Astrophysics - Astrophysics of Galaxies},
    booktitle = {Gas Accretion onto Galaxies},
         year = 2017,
       editor = {{Fox}, Andrew and {Dav{\'e}}, Romeel},
       volume = {430},
        pages = {67},
          doi = {10.1007/978-3-319-52512-9\_4},
       adsurl = {https://ui.adsabs.harvard.edu/abs/2017ASSL..430...67S},
      adsnote = {Provided by the SAO/NASA Astrophysics Data System}
}


@ARTICLE{bovino:2016aa,
   author = {{Bovino}, S. and {Grassi}, T. and {Capelo}, P.~R. and {Schleicher}, D.~R.~G. and 
	{Banerjee}, R.},
    title = "{A chemical model for the interstellar medium in galaxies}",
  journal = {Astronomy and Astrophysics},
archivePrefix = "arXiv",
   eprint = {1510.07016},
 keywords = {astrochemistry, molecular processes, galaxies: ISM, methods: numerical, evolution},
     year = 2016,
    month = may,
   volume = 590,
      eid = {A15},
    pages = {A15},
      doi = {10.1051/0004-6361/201628158},
   adsurl = {http://adsabs.harvard.edu/abs/2016A%26A...590A..15B},
  adsnote = {Provided by the SAO/NASA Astrophysics Data System}
}



@ARTICLE{asplund2009,
   author = {{Asplund}, M. and {Grevesse}, N. and {Sauval}, A.~J. and {Scott}, P.
	},
    title = "{The Chemical Composition of the Sun}",
  journal = {Annual Review of Astronomy and Astrophysics},
archivePrefix = "arXiv",
   eprint = {0909.0948},
 primaryClass = "astro-ph.SR",
     year = 2009,
    month = sep,
   volume = 47,
    pages = {481-522},
      doi = {10.1146/annurev.astro.46.060407.145222},
   adsurl = {http://adsabs.harvard.edu/abs/2009ARA%26A..47..481A},
  adsnote = {Provided by the SAO/NASA Astrophysics Data System}
}

@article{voronov_practical_1997,
	title = "{A practical fit formula for ionization rate coefficients of atoms and ions by electron impact}",
	volume = {65},
	issn = {0092-640X},
	shorttitle = {A {PRACTICAL} {FIT} {FORMULA} {FOR} {IONIZATION} {RATE} {COEFFICIENTS} {OF} {ATOMS} {AND} {IONS} {BY} {ELECTRON} {IMPACT}},
	url = {http://www.sciencedirect.com/science/article/pii/S0092640X97907324},
	doi = {10.1006/adnd.1997.0732},
	number = {1},
	urldate = {2019-09-25},
	journal = {Atomic Data and Nuclear Data Tables},
	author = {Voronov, G. S.},
	month = jan,
	year = {1997},
	pages = {1--35},
	file = {ScienceDirect Full Text PDF:C\:\\Users\\anna\\Zotero\\storage\\5UECKDMR\\Voronov - 1997 - A PRACTICAL FIT FORMULA FOR IONIZATION RATE COEFFI.pdf:application/pdf;ScienceDirect Snapshot:C\:\\Users\\anna\\Zotero\\storage\\WGE4ZCKH\\S0092640X97907324.html:text/html}
}



@ARTICLE{osterbrock1992,
   author = {{Osterbrock}, D.~E. and {Tran}, H.~D. and {Veilleux}, S.},
    title = "{Faint emission lines in the spectrum of the Orion Nebula and the abundances of some of the rarer elements}",
  journal = {The Astrophysical Journal},
 keywords = {Abundance, Astronomical Spectroscopy, Emission Spectra, Interstellar Matter, Line Spectra, Orion Nebula, Charge Coupled Devices, Forbidden Transitions, H Lines, Helium Ions, Interstellar Extinction, Iron, Metal Ions, Nickel, Recombination Reactions, Stellar Composition},
     year = 1992,
    month = apr,
   volume = 389,
    pages = {305-324},
      doi = {10.1086/171206},
   adsurl = {http://adsabs.harvard.edu/abs/1992ApJ...389..305O},
  adsnote = {Provided by the SAO/NASA Astrophysics Data System}
}


@article{Baddour:09,
author = {Natalie Baddour},
journal = {J. Opt. Soc. Am. A},
keywords = {Spectrum analysis; Continuous optical signal processing ; Tomographic image processing; Transforms; Algorithms; Fourier transforms; Image processing; Signal processing; Spatial frequency; Transforms},
number = {8},
pages = {1767--1777},
publisher = {OSA},
title = {Operational and convolution properties of two-dimensional Fourier transforms in polar coordinates},
volume = {26},
month = {Aug},
year = {2009},
url = {http://josaa.osa.org/abstract.cfm?URI=josaa-26-8-1767},
doi = {10.1364/JOSAA.26.001767},
}


@article{inoue2006escape,
  title="{The escape fraction of ionizing photons from galaxies at z= 0--6}",
  author={Inoue, Akio K and Iwata, Ikuru and Deharveng, Jean-Michel},
  journal={Monthly Notices of the Royal Astronomical Society: Letters},
  volume={371},
  number={1},
  pages={L1--L5},
  year={2006},
  publisher={Blackwell Science Ltd Oxford, UK}
}


@book{jaynes_2003, 
    place={Cambridge}, 
    title={Probability Theory: The Logic of Science}, DOI={10.1017/CBO9780511790423}, 
    publisher={Cambridge University Press}, 
    author={Jaynes, E. T.}, 
    editor={Bretthorst, G. LarryEditor}, year={2003}}

@ARTICLE{metropolis,
       author = {{Metropolis}, Nicholas and {Rosenbluth}, Arianna W. and {Rosenbluth}, Marshall N. and {Teller}, Augusta H. and {Teller}, Edward},
        title = "{Equation of State Calculations by Fast Computing Machines}",
      journal = {Journal of Computational Physics},
         year = 1953,
        month = jun,
       volume = {21},
       number = {6},
        pages = {1087-1092},
          doi = {10.1063/1.1699114},
       adsurl = {https://ui.adsabs.harvard.edu/abs/1953JChPh..21.1087M},
      adsnote = {Provided by the SAO/NASA Astrophysics Data System}
}


@article{hastings,
    author = {Hastings, W. K.},
    title = "{Monte Carlo sampling methods using Markov chains and their applications}",
    journal = {Biometrika},
    volume = {57},
    number = {1},
    pages = {97-109},
    year = {1970},
    month = {04},
    abstract = "{A generalization of the sampling method introduced by Metropolis et al. (1953) is presented along with an exposition of the relevant theory, techniques of application and methods and difficulties of assessing the error in Monte Carlo estimates. Examples of the methods, including the generation of random orthogonal matrices and potential applications of the methods to numerical problems arising in statistics, are discussed.}",
    issn = {0006-3444},
    doi = {10.1093/biomet/57.1.97},
    url = {https://doi.org/10.1093/biomet/57.1.97},
    eprint = {https://academic.oup.com/biomet/article-pdf/57/1/97/23940249/57-1-97.pdf},
}


@article{foreman2013emcee,
  title={emcee: the MCMC hammer},
  author={Foreman-Mackey, Daniel and Hogg, David W and Lang, Dustin and Goodman, Jonathan},
  journal={Publications of the Astronomical Society of the Pacific},
  volume={125},
  number={925},
  pages={306},
  year={2013},
  publisher={IOP Publishing}
}


@article{sharma2017markov,
  title={Markov chain Monte Carlo methods for Bayesian data analysis in astronomy},
  author={Sharma, Sanjib},
  journal={Annual Review of Astronomy and Astrophysics},
  volume={55},
  pages={213--259},
  year={2017},
  publisher={Annual Reviews}
}


@ARTICLE{goodman_prescription,
       author = {{Goodman}, Jonathan and {Weare}, Jonathan},
        title = "{Ensemble samplers with affine invariance}",
      journal = {Communications in Applied Mathematics and Computational Science},
     keywords = {Markov chain Monte Carlo, affine invariance, ensemble samplers},
         year = 2010,
        month = jan,
       volume = {5},
       number = {1},
        pages = {65-80},
          doi = {10.2140/camcos.2010.5.65},
       adsurl = {https://ui.adsabs.harvard.edu/abs/2010CAMCS...5...65G},
      adsnote = {Provided by the SAO/NASA Astrophysics Data System}
}


@ARTICLE{fielding2021,
       author = {{Fielding}, Drummond B. and {Bryan}, Greg L.},
        title = "{The Structure of Multiphase Galactic Winds}",
      journal = {arXiv e-prints},
     keywords = {Astrophysics - Astrophysics of Galaxies},
         year = 2021,
        month = aug,
          eid = {arXiv:2108.05355},
        pages = {arXiv:2108.05355},
archivePrefix = {arXiv},
       eprint = {2108.05355},
 primaryClass = {astro-ph.GA},
       adsurl = {https://ui.adsabs.harvard.edu/abs/2021arXiv210805355F},
      adsnote = {Provided by the SAO/NASA Astrophysics Data System}
}


@article{mitchell2021gas,
  title={How gas flows shape the stellar-halo mass relation in the EAGLE simulation},
  author={Mitchell, Peter D and Schaye, Joop},
  journal={arXiv preprint arXiv:2103.10966},
  year={2021}
}


@article{arata2019radiative,
  title={Radiative properties of the first galaxies: rapid transition between UV and infrared bright phases},
  author={Arata, Shohei and Yajima, Hidenobu and Nagamine, Kentaro and Li, Yuexing and Khochfar, Sadegh},
  journal={Monthly Notices of the Royal Astronomical Society},
  volume={488},
  number={2},
  pages={2629--2643},
  year={2019},
  publisher={Oxford University Press}
}

@ARTICLE{diaz_santos,
       author = {{D{\'\i}az-Santos}, T. and {Armus}, L. and {Charmandaris}, V. and {Stacey}, G. and {Murphy}, E.~J. and {Haan}, S. and {Stierwalt}, S. and {Malhotra}, S. and {Appleton}, P. and {Inami}, H. and {Magdis}, G.~E. and {Elbaz}, D. and {Evans}, A.~S. and {Mazzarella}, J.~M. and {Surace}, J.~A. and {van der Werf}, P.~P. and {Xu}, C.~K. and {Lu}, N. and {Meijerink}, R. and {Howell}, J.~H. and {Petric}, A.~O. and {Veilleux}, S. and {Sanders}, D.~B.},
        title = "{Extended [C II] Emission in Local Luminous Infrared Galaxies}",
      journal = {The Astrophysical Journal Letters},
     keywords = {galaxies: ISM, galaxies: nuclei, galaxies: starburst, infrared: galaxies, Astrophysics - Astrophysics of Galaxies},
         year = 2014,
        month = jun,
       volume = {788},
       number = {1},
          eid = {L17},
        pages = {L17},
          doi = {10.1088/2041-8205/788/1/L17},
archivePrefix = {arXiv},
       eprint = {1405.3983},
 primaryClass = {astro-ph.GA},
       adsurl = {https://ui.adsabs.harvard.edu/abs/2014ApJ...788L..17D},
      adsnote = {Provided by the SAO/NASA Astrophysics Data System}
}


@ARTICLE{pallottini2014,
   author = {{Pallottini}, A. and {Ferrara}, A. and {Gallerani}, S. and {Salvadori}, S. and 
	{D'Odorico}, V.},
    title = "{Simulating cosmic metal enrichment by the first galaxies}",
  journal = {Monthly Notices of the Royal Astronomical Society},
archivePrefix = "arXiv",
   eprint = {1403.1261},
 primaryClass = "astro-ph.CO",
 keywords = {methods: numerical, intergalactic medium, galaxies: star formation, cosmo-logy: theory},
     year = 2014,
    month = may,
   volume = 440,
    pages = {2498-2518},
      doi = {10.1093/mnras/stu451},
   adsurl = {http://adsabs.harvard.edu/abs/2014MNRAS.440.2498P},
  adsnote = {Provided by the SAO/NASA Astrophysics Data System}
}


@ARTICLE{hollenbach1999,
   author = {{Hollenbach}, D.~J. and {Tielens}, A.~G.~G.~M.},
    title = "{Photodissociation regions in the interstellar medium of galaxies}",
  journal = {Reviews of Modern Physics},
     year = 1999,
    month = jan,
   volume = 71,
    pages = {173-230},
      doi = {10.1103/RevModPhys.71.173},
   adsurl = {http://adsabs.harvard.edu/abs/1999RvMP...71..173H},
  adsnote = {Provided by the SAO/NASA Astrophysics Data System}
}

@ARTICLE{cormier2012,
   author = {{Cormier}, D. and {Lebouteiller}, V. and {Madden}, S.~C. and 
	{Abel}, N. and {Hony}, S. and {Galliano}, F. and {Baes}, M. and 
	{Barlow}, M.~J. and {Cooray}, A. and {De Looze}, I. and {Galametz}, M. and 
	{Karczewski}, O.~{\L}. and {Parkin}, T.~J. and {R{\'e}my}, A. and 
	{Sauvage}, M. and {Spinoglio}, L. and {Wilson}, C.~D. and {Wu}, R.
	},
    title = "{The nature of the interstellar medium of the starburst low-metallicity galaxy Haro 11: a multi-phase model of the infrared emission}",
  journal = {Astronomy and Astrophysics},
archivePrefix = "arXiv",
   eprint = {1209.0804},
 primaryClass = "astro-ph.GA",
 keywords = {galaxies: ISM, galaxies: individual: Haro11, ISM: lines and bands, ISM: structure, techniques: spectroscopic, radiative transfer},
     year = 2012,
    month = dec,
   volume = 548,
      eid = {A20},
    pages = {A20},
      doi = {10.1051/0004-6361/201219818},
   adsurl = {http://adsabs.harvard.edu/abs/2012A%26A...548A..20C},
  adsnote = {Provided by the SAO/NASA Astrophysics Data System}
}


@ARTICLE{wolfire2003,
   author = {{Wolfire}, M.~G. and {McKee}, C.~F. and {Hollenbach}, D. and 
	{Tielens}, A.~G.~G.~M.},
    title = "{Neutral Atomic Phases of the Interstellar Medium in the Galaxy}",
  journal = {The Astrophysical Journal},
   eprint = {arXiv:astro-ph/0207098},
 keywords = {ISM: Clouds, ISM: General, ISM: Structure},
     year = 2003,
    month = apr,
   volume = 587,
    pages = {278-311},
      doi = {10.1086/368016},
   adsurl = {http://adsabs.harvard.edu/abs/2003ApJ...587..278W},
  adsnote = {Provided by the SAO/NASA Astrophysics Data System}
}



@ARTICLE{vallini2017,
   author = {{Vallini}, L. and {Ferrara}, A. and {Pallottini}, A. and {Gallerani}, S.
	},
    title = "{Molecular clouds photoevaporation and FIR line emission}",
  journal = {Monthly Notices of the Royal Astronomical Society},
archivePrefix = "arXiv",
   eprint = {1606.08464},
 keywords = {ISM: clouds, infrared: ISM, galaxies: ISM, line: formation, galaxies: high-redshift},
     year = 2017,
    month = jan,
      doi = {10.1093/mnras/stx180},
   adsurl = {http://adsabs.harvard.edu/abs/2017MNRAS.tmp..185V},
  adsnote = {Provided by the SAO/NASA Astrophysics Data System}
}

@ARTICLE{ferrara:2019,
       author = {{Ferrara}, A. and {Vallini}, L. and {Pallottini}, A. and
         {Gallerani}, S. and {Carniani}, S. and {Kohandel}, M. and
         {Decataldo}, D. and {Behrens}, C.},
        title = "{A physical model for [C II] line emission from galaxies}",
      journal = {Monthly Notices of the Royal Astronomical Society},
     keywords = {photodissociation region (PDR), galaxies: high-redshift, galaxies: ISM, Astrophysics - Astrophysics of Galaxies},
         year = "2019",
        month = "Oct",
       volume = {489},
       number = {1},
        pages = {1-12},
          doi = {10.1093/mnras/stz2031},
archivePrefix = {arXiv},
       eprint = {1908.07536},
 primaryClass = {astro-ph.GA},
       adsurl = {https://ui.adsabs.harvard.edu/abs/2019MNRAS.489....1F},
      adsnote = {Provided by the SAO/NASA Astrophysics Data System}
}


@ARTICLE{Meyer19,
       author = {{Meyer}, Romain A. and {Bosman}, Sarah E.~I. and {Kakiichi}, Koki and
         {Ellis}, Richard S.},
        title = "{The role of galaxies and AGNs in reionizing the IGM - II. Metal-tracing the faint sources of reionization at 5 {\ensuremath{\lesssim}} z {\ensuremath{\lesssim}} 6}",
      journal = {Monthly Notices of the Royal Astronomical Society},
     keywords = {galaxies: evolution, galaxies: high-redshift, intergalactic medium, quasars: absorption lines, dark ages, reionization, first stars, Astrophysics - Astrophysics of Galaxies},
         year = "2019",
        month = "Feb",
       volume = {483},
       number = {1},
        pages = {19-37},
          doi = {10.1093/mnras/sty2954},
archivePrefix = {arXiv},
       eprint = {1807.07899},
 primaryClass = {astro-ph.GA},
       adsurl = {https://ui.adsabs.harvard.edu/abs/2019MNRAS.483...19M},
      adsnote = {Provided by the SAO/NASA Astrophysics Data System}
}


@ARTICLE{Becker19,
       author = {{Becker}, George D. and {Pettini}, Max and {Rafelski}, Marc and
         {D'Odorico}, Valentina and {Boera}, Elisa and {Christensen}, Lise and
         {Cupani}, Guido and {Ellison}, Sara L. and {Farina}, Emanuele Paolo and
         {Fumagalli}, Michele and {L{\'o}pez}, Sebastian and {Neeleman}, Marcel and
         {Ryan-Weber}, Emma V. and {Worseck}, G{\'a}bor},
        title = "{The Evolution of O I over 3.2 \&lt; z \&lt; 6.5: Reionization of the Circumgalactic Medium}",
      journal = {The Astrophysical Journal},
     keywords = {Intergalactic medium, Quasar absorption line spectroscopy, Circumgalactic medium, Reionization, High-redshift galaxies, Astrophysics - Astrophysics of Galaxies},
         year = "2019",
        month = "Oct",
       volume = {883},
       number = {2},
          eid = {163},
        pages = {163},
          doi = {10.3847/1538-4357/ab3eb5},
archivePrefix = {arXiv},
       eprint = {1907.02983},
 primaryClass = {astro-ph.GA},
       adsurl = {https://ui.adsabs.harvard.edu/abs/2019ApJ...883..163B},
      adsnote = {Provided by the SAO/NASA Astrophysics Data System}
}


@ARTICLE{field,
       author = {{Field}, George B.},
        title = "{Excitation of the Hydrogen 21-CM Line}",
      journal = {Proceedings of the IRE},
         year = 1958,
        month = jan,
       volume = {46},
        pages = {240-250},
          doi = {10.1109/JRPROC.1958.286741},
       adsurl = {https://ui.adsabs.harvard.edu/abs/1958PIRE...46..240F},
      adsnote = {Provided by the SAO/NASA Astrophysics Data System}
}


@ARTICLE{oppenheimer&schaye,
       author = {{Oppenheimer}, Benjamin D. and {Schaye}, Joop},
        title = "{Non-equilibrium ionization and cooling of metal-enriched gas in the presence of a photoionization background}",
      journal = {Monthly Notices of the Royal Astronomical Society},
     keywords = {atomic processes, plasmas, galaxies: formation, intergalactic medium, quasars: absorption lines, cosmology: theory, Astrophysics - Cosmology and Nongalactic Astrophysics, Astrophysics - Astrophysics of Galaxies},
         year = "2013",
        month = "Sep",
       volume = {434},
       number = {2},
        pages = {1043-1062},
          doi = {10.1093/mnras/stt1043},
archivePrefix = {arXiv},
       eprint = {1302.5710},
 primaryClass = {astro-ph.CO},
       adsurl = {https://ui.adsabs.harvard.edu/abs/2013MNRAS.434.1043O},
      adsnote = {Provided by the SAO/NASA Astrophysics Data System}
}


@ARTICLE{recchia_cosmic_rays,
       author = {{Recchia}, Sarah},
        title = "{Cosmic ray driven galactic winds}",
      journal = {arXiv e-prints},
     keywords = {Astrophysics - High Energy Astrophysical Phenomena},
         year = 2021,
        month = jan,
          eid = {arXiv:2101.02052},
        pages = {arXiv:2101.02052},
archivePrefix = {arXiv},
       eprint = {2101.02052},
 primaryClass = {astro-ph.HE},
       adsurl = {https://ui.adsabs.harvard.edu/abs/2021arXiv210102052R},
      adsnote = {Provided by the SAO/NASA Astrophysics Data System}
}


@ARTICLE{zhang_rad_pressure,
       author = {{Zhang}, Dong and {Thompson}, Todd A.},
        title = "{Radiation pressure-driven galactic winds from self-gravitating discs}",
      journal = {Monthly Notices of the Royal Astronomical Society},
     keywords = {galaxies: formation, galaxies: haloes, intergalactic medium, galaxies: starburst, Astrophysics - Cosmology and Nongalactic Astrophysics},
         year = 2012,
        month = aug,
       volume = {424},
       number = {2},
        pages = {1170-1178},
          doi = {10.1111/j.1365-2966.2012.21291.x},
archivePrefix = {arXiv},
       eprint = {1005.4691},
 primaryClass = {astro-ph.CO},
       adsurl = {https://ui.adsabs.harvard.edu/abs/2012MNRAS.424.1170Z},
      adsnote = {Provided by the SAO/NASA Astrophysics Data System}
}



@ARTICLE{ferland1994,
   author = {{Ferland}, G.~J. and {Fabian}, A.~C. and {Johnstone}, R.~M.},
    title = "{The Physical Conditions Within Dense Cold Clouds in Cooling Flows}",
  journal = {Monthly Notices of the Royal Astronomical Society},
     year = 1994,
    month = jan,
   volume = 266,
    pages = {399},
      doi = {10.1093/mnras/266.2.399},
   adsurl = {http://adsabs.harvard.edu/abs/1994MNRAS.266..399F},
  adsnote = {Provided by the SAO/NASA Astrophysics Data System}
}


@article{rupke2013multiphase,
  title={The multiphase structure and power sources of galactic winds in major mergers},
  author={Rupke, David SN and Veilleux, Sylvain},
  journal={The Astrophysical Journal},
  volume={768},
  number={1},
  pages={75},
  year={2013},
  publisher={IOP Publishing}
}


@ARTICLE{fire2,
       author = {{Hopkins}, Philip F. and {Wetzel}, Andrew and {Kere{\v{s}}}, Du{\v{s}}an and {Faucher-Gigu{\`e}re}, Claude-Andr{\'e} and {Quataert}, Eliot and {Boylan-Kolchin}, Michael and {Murray}, Norman and {Hayward}, Christopher C. and {Garrison-Kimmel}, Shea and {Hummels}, Cameron and {Feldmann}, Robert and {Torrey}, Paul and {Ma}, Xiangcheng and {Angl{\'e}s-Alc{\'a}zar}, Daniel and {Su}, Kung-Yi and {Orr}, Matthew and {Schmitz}, Denise and {Escala}, Ivanna and {Sanderson}, Robyn and {Grudi{\'c}}, Michael Y. and {Hafen}, Zachary and {Kim}, Ji-Hoon and {Fitts}, Alex and {Bullock}, James S. and {Wheeler}, Coral and {Chan}, T.~K. and {Elbert}, Oliver D. and {Narayanan}, Desika},
        title = "{FIRE-2 simulations: physics versus numerics in galaxy formation}",
      journal = {Monthly Notices of the Royal Astronomical Society},
     keywords = {methods: numerical, stars: formation, galaxies: active, galaxies: evolution, galaxies: formation, cosmology: theory, Astrophysics - Astrophysics of Galaxies, Astrophysics - Cosmology and Nongalactic Astrophysics, Astrophysics - Instrumentation and Methods for Astrophysics},
         year = 2018,
        month = oct,
       volume = {480},
       number = {1},
        pages = {800-863},
          doi = {10.1093/mnras/sty1690},
archivePrefix = {arXiv},
       eprint = {1702.06148},
 primaryClass = {astro-ph.GA},
       adsurl = {https://ui.adsabs.harvard.edu/abs/2018MNRAS.480..800H},
      adsnote = {Provided by the SAO/NASA Astrophysics Data System}
}



@ARTICLE{Pallottini22,
       author = {{Pallottini}, A. and {Ferrara}, A. and {Gallerani}, S. and {Behrens}, C. and {Kohandel}, M. and {Carniani}, S. and {Vallini}, L. and {Salvadori}, S. and {Gelli}, V. and {Sommovigo}, L. and {D'Odorico}, V. and {Di Mascia}, F. and {Pizzati}, E.},
        title = "{A survey of high-$z$ galaxies: SERRA simulations}",
      journal = {arXiv e-prints},
     keywords = {Astrophysics - Astrophysics of Galaxies, Astrophysics - Cosmology and Nongalactic Astrophysics},
         year = 2022,
        month = jan,
          eid = {arXiv:2201.02636},
        pages = {arXiv:2201.02636},
archivePrefix = {arXiv},
       eprint = {2201.02636},
 primaryClass = {astro-ph.GA},
       adsurl = {https://ui.adsabs.harvard.edu/abs/2022arXiv220102636P},
      adsnote = {Provided by the SAO/NASA Astrophysics Data System}
}


@article{ refId0,
	author = {{Bacon, Roland} and {Conseil, Simon} and {Mary, David} and {Brinchmann, Jarle} and {Shepherd, Martin} and {Akhlaghi, Mohammad} and {Weilbacher, Peter M.} and {Piqueras, Laure} and {Wisotzki, Lutz} and {Lagattuta, David} and {Epinat, Benoit} and {Guerou, Adrien} and {Inami, Hanae} and {Cantalupo, Sebastiano} and {Courbot, Jean Baptiste} and {Contini, Thierry} and {Richard, Johan} and {Maseda, Michael} and {Bouwens, Rychard} and {Bouch\'e, Nicolas} and {Kollatschny, Wolfram} and {Schaye, Joop} and {Marino, Raffaella Anna} and {Pello, Roser} and {Herenz, Christian} and {Guiderdoni, Bruno} and {Carollo, Marcella}},
	title = {The MUSE Hubble Ultra Deep Field Survey - I. Survey description, data reduction, and source detection},
	DOI= "10.1051/0004-6361/201730833",
	url= "https://doi.org/10.1051/0004-6361/201730833",
	journal = {Astronomy and Astrophysics},
	year = 2017,
	volume = 608,
	pages = "A1",
}

@ARTICLE{sphinx,
       author = {{Katz}, Harley and {Martin-Alvarez}, Sergio and {Rosdahl}, Joakim and {Kimm}, Taysun and {Blaizot}, J{\'e}r{\'e}my and {Haehnelt}, Martin G. and {Michel-Dansac}, L{\'e}o and {Garel}, Thibault and {O{\~n}orbe}, Jose and {Devriendt}, Julien and {Slyz}, Adrianne and {Attia}, Omar and {Teyssier}, Romain},
        title = "{Introducing SPHINX-MHD: the impact of primordial magnetic fields on the first galaxies, reionization, and the global 21-cm signal}",
      journal = {Monthly Notices of the Royal Astronomical Society},
     keywords = {H II regions, galaxies: high-redshift, galaxies: ISM, galaxies: star formation, dark ages, reionization, first stars, Astrophysics - Cosmology and Nongalactic Astrophysics, Astrophysics - Astrophysics of Galaxies},
         year = 2021,
        month = oct,
       volume = {507},
       number = {1},
        pages = {1254-1282},
          doi = {10.1093/mnras/stab2148},
archivePrefix = {arXiv},
       eprint = {2101.11624},
 primaryClass = {astro-ph.CO},
       adsurl = {https://ui.adsabs.harvard.edu/abs/2021MNRAS.507.1254K},
      adsnote = {Provided by the SAO/NASA Astrophysics Data System}
}


@ARTICLE{bouwens_15,
       author = {{Bouwens}, R.~J. and {Illingworth}, G.~D. and {Oesch}, P.~A. and {Trenti}, M. and {Labb{\'e}}, I. and {Bradley}, L. and {Carollo}, M. and {van Dokkum}, P.~G. and {Gonzalez}, V. and {Holwerda}, B. and {Franx}, M. and {Spitler}, L. and {Smit}, R. and {Magee}, D.},
        title = "{UV Luminosity Functions at Redshifts z {\ensuremath{\sim}} 4 to z {\ensuremath{\sim}} 10: 10,000 Galaxies from HST Legacy Fields}",
      journal = {The Astrophysical Journal},
     keywords = {galaxies: evolution, galaxies: high-redshift, Astrophysics - Cosmology and Nongalactic Astrophysics, Astrophysics - Astrophysics of Galaxies},
         year = 2015,
        month = apr,
       volume = {803},
       number = {1},
          eid = {34},
        pages = {34},
          doi = {10.1088/0004-637X/803/1/34},
archivePrefix = {arXiv},
       eprint = {1403.4295},
 primaryClass = {astro-ph.CO},
       adsurl = {https://ui.adsabs.harvard.edu/abs/2015ApJ...803...34B},
      adsnote = {Provided by the SAO/NASA Astrophysics Data System}
}


@ARTICLE{bouwens_rebels,
       author = {{Bouwens}, R.~J. and {Smit}, R. and {Schouws}, S. and {Stefanon}, M. and {Bowler}, R. and {Endsley}, R. and {Gonzalez}, V. and {Inami}, H. and {Stark}, D. and {Oesch}, P. and {Hodge}, J. and {Aravena}, M. and {da Cunha}, E. and {Dayal}, P. and {de Looze}, I. and {Ferrara}, A. and {Fudamoto}, Y. and {Graziani}, L. and {Li}, C. and {Nanayakkara}, T. and {Pallotini}, A. and {Schneider}, R. and {Sommovigo}, L. and {Topping}, M. and {van der Werf}, P. and {Barrufet}, L. and {Hygate}, A. and {Labbe}, I. and {Riechers}, D. and {Witstok}, J.},
        title = "{Reionization Era Bright Emission Line Survey: Selection and Characterization of Luminous Interstellar Medium Reservoirs in the z>6.5 Universe}",
      journal = {arXiv e-prints},
     keywords = {Astrophysics - Astrophysics of Galaxies},
         year = 2021,
        month = jun,
          eid = {arXiv:2106.13719},
        pages = {arXiv:2106.13719},
archivePrefix = {arXiv},
       eprint = {2106.13719},
 primaryClass = {astro-ph.GA},
       adsurl = {https://ui.adsabs.harvard.edu/abs/2021arXiv210613719B},
      adsnote = {Provided by the SAO/NASA Astrophysics Data System}
}

@article{Finlator:2007mh,
    author = "Finlator, K. and Dave, R.",
    title = "{The Origin of the Galaxy Mass-Metallicity Relation and Implications for Galactic Outflows}",
    eprint = "0704.3100",
    archivePrefix = "arXiv",
    primaryClass = "astro-ph",
    doi = "10.1111/j.1365-2966.2008.12991.x",
    journal = "Mon. Not. Roy. Astron. Soc.",
    volume = "385",
    pages = "2181",
    year = "2008"
}

\begin{comment}
 \apj = The Astrophysical Journal
 \araa = Annual Review of Astronomy and Astrophysics
 \mnras = Monthly Notices of the Royal Astronomical Society
 \aap = Astronomy and Astrophysics
 \jcp = Journal of Computational Physics
\end{comment}


