
% see 
% https://www.scipy.org/citing.html

@ARTICLE{behnel2010cython,
    author={Behnel, S. and Bradshaw, R. and Citro, C. and Dalcin, L. and Seljebotn, D.S. and Smith, K.},
    journal={Computing in Science Engineering},
    title={Cython: The Best of Both Worlds},
    year={2011},
    month=march-april ,
    volume={13},
    number={2},
    pages={31 -39},
    keywords={Cython language;Fortran code;Python language extension;numerical loops;programming language;C language;numerical analysis;},
    doi={10.1109/MCSE.2010.118},
    ISSN={1521-9615},
}

@misc{pynbody,
  author = {{Pontzen}, A. and {Rovskar}, R. and {Stinson}, G.~S. and {Woods},
     R. and {Reed}, D.~M. and {Coles}, J. and {Quinn}, T.~R.},
  title = "{pynbody: Astrophysics Simulation Analysis for Python}",
  note = {Astrophysics Source Code Library, ascl:1305.002},
  year = 2013
}

@ARTICLE{Perez2007,
author={F. Perez and B. E. Granger},
journal={Computing in Science Engineering},
title={IPython: A System for Interactive Scientific Computing},
year={2007},
volume={9},
number={3},
pages={21-29},
keywords={data visualisation;natural sciences computing;object-oriented languages;object-oriented programming;parallel programming;software libraries;IPython;comprehensive library;data visualization;distributed computation;interactive scientific computing;parallel computation;Data analysis;Data visualization;Hardware;Libraries;Parallel processing;Production;Scientific computing;Spine;Supercomputers;Testing;Python;computer languages;scientific computing;scientific programming},
doi={10.1109/MCSE.2007.53},
ISSN={1521-9615},
month={May},}

@ARTICLE{VanDerWalt2011,
author={S. van der Walt and S. C. Colbert and G. Varoquaux},
journal={Computing in Science Engineering},
title={The NumPy Array: A Structure for Efficient Numerical Computation},
year={2011},
volume={13},
number={2},
pages={22-30},
keywords={data structures;high level languages;mathematics computing;numerical analysis;Python programming language;high level language;numerical computation;numerical data;numpy array;Arrays;Computational efficiency;Finite element methods;Numerical analysis;Performance evaluation;Resource management;Vector quantization;NumPy;Python;numerical computations;programming libraries;scientific programming},
doi={10.1109/MCSE.2011.37},
ISSN={1521-9615},
month={March},}

@Article{VanRossum1991,
  Title                    = {{Interactively Testing Remote Servers Using the Python Programming Language}},
  Author                   = {Van Rossum, Guido and de Boer, Jelke},
  Journal                  = {CWI Quarterly},
  Year                     = {1991},
  Number                   = {4},
  Pages                    = {283 - 304},
  Volume                   = {4},

  Owner                    = {cbehren},
  Timestamp                = {2017.03.12}
}

@ARTICLE{Hunter2007,
author={J. D. Hunter},
journal={Computing in Science Engineering},
title={Matplotlib: A 2D Graphics Environment},
year={2007},
volume={9},
number={3},
pages={90-95},
keywords={computer graphics;mathematics computing;object-oriented programming;software packages;2D graphics package;Matplotlib;Python;application development;interactive scripting;operating system;publication-quality image generation;user interface;Computer languages;Equations;Graphical user interfaces;Graphics;Image generation;Interpolation;Operating systems;Packaging;Programming profession;User interfaces;Python;application development;scientific programming;scripting languages},
doi={10.1109/MCSE.2007.55},
ISSN={1521-9615},
month={May},}

@ARTICLE{astropy,
   author = {{Astropy Collaboration} and {Robitaille}, T.~P. and {Tollerud}, E.~J. and 
	{Greenfield}, P. and {Droettboom}, M. and {Bray}, E. and {Aldcroft}, T. and 
	{Davis}, M. and {Ginsburg}, A. and {Price-Whelan}, A.~M. and 
	{Kerzendorf}, W.~E. and {Conley}, A. and {Crighton}, N. and 
	{Barbary}, K. and {Muna}, D. and {Ferguson}, H. and {Grollier}, F. and 
	{Parikh}, M.~M. and {Nair}, P.~H. and {Unther}, H.~M. and {Deil}, C. and 
	{Woillez}, J. and {Conseil}, S. and {Kramer}, R. and {Turner}, J.~E.~H. and 
	{Singer}, L. and {Fox}, R. and {Weaver}, B.~A. and {Zabalza}, V. and 
	{Edwards}, Z.~I. and {Azalee Bostroem}, K. and {Burke}, D.~J. and 
	{Casey}, A.~R. and {Crawford}, S.~M. and {Dencheva}, N. and 
	{Ely}, J. and {Jenness}, T. and {Labrie}, K. and {Lim}, P.~L. and 
	{Pierfederici}, F. and {Pontzen}, A. and {Ptak}, A. and {Refsdal}, B. and 
	{Servillat}, M. and {Streicher}, O.},
    title = "{Astropy: A community Python package for astronomy}",
  journal = {\aap},
archivePrefix = "arXiv",
   eprint = {1307.6212},
 primaryClass = "astro-ph.IM",
 keywords = {methods: data analysis, methods: miscellaneous, virtual observatory tools},
     year = 2013,
   volume = 558,
      eid = {A33},
    pages = {A33},
      doi = {10.1051/0004-6361/201322068},
   adsurl = {http://adsabs.harvard.edu/abs/2013A%26A...558A..33A},
  adsnote = {Provided by the SAO/NASA Astrophysics Data System}
}

@INPROCEEDINGS{Labadens2012,
   author = {{Labadens}, M. and {Chapon}, D. and {Pomar{\'e}de}, D. and {Teyssier}, R.
	},
    title = "{Visualization of Octree Adaptive Mesh Refinement (AMR) in Astrophysical Simulations}",
booktitle = {Astronomical Data Analysis Software and Systems XXI},
     year = 2012,
   series = {Astronomical Society of the Pacific Conference Series},
   volume = 461,
   editor = {{Ballester}, P. and {Egret}, D. and {Lorente}, N.~P.~F.},
    pages = {837},
   adsurl = {http://adsabs.harvard.edu/abs/2012ASPC..461..837L},
  adsnote = {Provided by the SAO/NASA Astrophysics Data System}
}

@unpublished{LoizidesSchmidt2016,
       booktitle = {Positioning and Power in Academic Publishing: Players, Agents and Agendas},
          editor = {Fernando Loizides and Birgit Schmidt},
           title = {Jupyter Notebooks, a publishing format for reproducible computational workflows},
          author = {Thomas Kluyver and Benjamin Ragan-Kelley and Fernando P{\'e}rez and Brian Granger and Matthias Bussonnier and Jonathan Frederic and Kyle Kelley and Jessica Hamrick and Jason Grout and Sylvain Corlay and Paul Ivanov and Dami{\'a}n Avila and Safia Abdalla and Carol Willing and Jupyter development team [Unknown]},
       publisher = {IOS Press},
            year = {2016},
           pages = {87--90},
             url = {https://eprints.soton.ac.uk/403913/},
        abstract = {It is increasingly necessary for researchers in all fields to write computer code, and in order to reproduce research results, it is important that this code is published. We present Jupyter notebooks, a document format for publishing code, results and explanations in a form that is both readable and executable. We discuss various tools and use cases for notebook documents.}
}

@Misc{scipyref,
  author =    {Eric Jones and Travis Oliphant and Pearu Peterson and others},
  title =     {{SciPy}: Open source scientific tools for {Python}},
  year =      {2001},
  url = "http://www.scipy.org/",
  note = {[Online; accessed <today>]}
}

@InProceedings{pandasref,
  author    = {Wes McKinney},
  title     = {Data Structures for Statistical Computing in Python},
  booktitle = {Proceedings of the 9th Python in Science Conference},
  pages     = {51 - 56},
  year      = {2010},
  editor    = {St\'efan van der Walt and Jarrod Millman }
}